2013 3496
1067 209 1121 246 60

431 334 632 369 sos-tomus
683 336 722 369 et
781 331 908 385 ipsius
950 341 1085 375 aetate
1130 334 1274 376 Aelius
1323 336 1528 379 Aristides
1574 340 1762 381 suen-uui.

497 410 615 460 Quae
642 409 773 451 altera
803 411 856 452 ab
890 426 938 452 co
962 412 1004 452 in
1034 411 1284 454 Rhetormn
1308 413 1605 472 praeceptore
1632 417 1762 459 ardua

439 494 478 526 et
512 488 637 543 longa
673 495 714 528 et
741 503 887 543 aspera
931 490 992 531 via
1028 500 1315 543 monstratur,
1355 506 1431 546 per
1474 494 1764 536 Demosthenis

436 579 483 604 ea
500 564 697 616 Platonis,
714 564 949 618 Aeschinis,
974 569 1182 621 Isocratis,
1198 571 1378 612 aliorum
1395 571 1571 629 antiqua
1593 573 1763 627 vestigia

436 642 555 683 <lucit
591 643 618 683 ¹.
666 643 843 685 Severus
887 645 1001 686 illius
1041 646 1123 687 dux
1170 648 1369 690 viatorem
1405 648 1555 702 jubet:
1609 649 1765 705 ζηλοῦν

435 723 624 770 ἐκείνους
652 724 749 770 τούς
784 724 992 779 ἀρχαίους
1017 726 1181 780 ἄνδρας
1203 737 1232 774 2,
1265 734 1305 767 et
1346 727 1557 769 versandis
1595 728 1764 769 illorum

436 798 602 853 ,scriptis
648 814 776 854 quain
822 801 1057 854 plurimum
1093 811 1133 843 et
1180 805 1380 859 temporis
1424 813 1465 846 et
1513 805 1764 859 diligentiae

437 878 696 933 impendere.
734 880 848 921 Haec
880 880 1012 936 igitur
1040 882 1127 931 via,
1154 897 1239 923 non
1268 883 1389 940 quasi
1410 883 1532 924 nimis
1556 883 1766 938 quaedam

437 957 644 1000 laboriosa
675 966 746 1001 aut
769 960 945 1015 antiqua
969 961 1175 1014 μεθὸδος,
1211 961 1333 1003 alteri
1355 977 1378 1004 a
1413 962 1598 1005 Luciano
1634 977 1766 1018 oppo-

438 1036 577 1087 nitur,
609 1037 729 1094 quasi
765 1038 808 1078 in
839 1037 1031 1092 pejorem
1063 1038 1266 1081 duntaxat
1303 1047 1464 1094 partem
1495 1049 1706 1082 extremae
1729 1042 1763 1092 ³3

435 1128 519 1168 quo
567 1113 677 1154 facto
719 1114 847 1168 plane
892 1114 1118 1171 langueret
1153 1116 1415 1158 admirabilis
1448 1118 1611 1168 ironia,
1659 1133 1765 1175 quae

490 1278 502 1295 ²
530 1277 590 1309 Rh.
610 1278 713 1308 Praee.
739 1290 765 1308 c.
791 1278 833 1317 9,
856 1278 918 1318 10,
942 1278 994 1311 17.

483 1343 497 1359 ²
526 1342 604 1373 Ihid.
627 1355 654 1373 c.
674 1342 707 1373 9.

479 1405 494 1426 3
527 1407 579 1437 Dr.
601 1406 650 1437 Fr.
671 1407 811 1446 Cramer,
833 1408 864 1438 in
885 1408 1065 1439 Geschichte
1084 1409 1136 1439 der
1154 1409 1272 1440 Erzieh.
1291 1410 1331 1439 im
1343 1410 1475 1444 Alterth.
1498 1412 1553 1444 Th.
1574 1411 1619 1452 Il,
1632 1412 1662 1442 S.
1682 1412 1762 1446 728.

436 1475 449 1493 c(
466 1463 503 1492 ln
530 1464 581 1493 der
612 1463 731 1493 Redner
756 1464 865 1495 Sehule
896 1464 1016 1495 scheint
1046 1465 1199 1495 Lucianus
1227 1466 1332 1506 nieht,
1359 1467 1416 1497 wie
1443 1467 1540 1498 Jacob
1567 1468 1684 1508 meiut,
1714 1469 1763 1499 die

431 1525 509 1548 crste
526 1519 632 1549 Weise
654 1520 818 1549 besonders
837 1519 938 1550 haben
955 1520 1124 1559 empfehlcn
1143 1521 1257 1551 wollen
1269 1545 1277 1560 ,
1297 1523 1427 1552 sondern
1447 1524 1503 1553 wir
1528 1524 1595 1554 sind
1615 1524 1765 1554 vielmehr

431 1577 483 1605 ‹tci-
501 1574 630 1605 Ansicht
650 1576 718 1605 (lass
737 1587 768 1606 er
788 1577 820 1606 in
840 1578 939 1607 dieser
957 1577 1072 1607 schrift
1091 1577 1148 1608 dz‘e
1170 1578 1293 1608 beiden
1309 1579 1571 1611 methodtschen
1598 1580 1764 1610 Extremo

432 1644 462 1662 111
486 1634 537 1663 der
556 1632 795 1664 Beredtsamkeit
817 1635 1013 1674 aufgestelt.»
1044 1635 1100 1665 Vir
1117 1635 1326 1666 doctissimus:
1347 1636 1447 1667 Jacob
1464 1637 1599 1671 omnino,
1614 1648 1684 1675 prae
1704 1637 1765 1666 sin-

427 1688 528 1727 gulari
542 1693 572 1718 et
590 1687 718 1719 Luciani
736 1695 767 1719 et
790 1689 914 1720 virtutis
930 1690 1030 1721 civilis
1048 1700 1167 1730 amore,
1191 1692 1356 1722 studiosius
1374 1693 1406 1723 in
1427 1693 1523 1723 altero
1543 1694 1671 1723 alteram
1697 1703 1764 1723 am·-

430 1745 519 1782 plecti
540 1750 667 1776 conatus
687 1751 751 1784 est,
775 1746 829 1775 ubi
847 1746 884 1776 de
908 1745 966 1776 Rh.
986 1747 1194 1785 Praeceptoris
1215 1749 1346 1778 consilio
1365 1749 1507 1789 conjecit.
1539 1760 1556 1778 «
1571 1748 1629 1779 Ein
1648 1755 1765 1779 ernstcs

431 1801 491 1830 und
511 1800 714 1838 anhaltendes
740 1800 881 1831 Studium
906 1802 959 1831 der
975 1802 1264 1833 Demosthenischen
1284 1804 1401 1835 Werke
1418 1806 1576 1835 wfirde—
1591 1816 1624 1834 so
1644 1804 1763 1835 mochte

433 1857 545 1887 Lucian
557 1858 678 1887 denken
690 1876 725 1881 —
739 1858 789 1889 die
809 1858 1023 1898 Zeitgenossen
1043 1869 1104 1888 von
1121 1859 1266 1889 mancher
1284 1860 1453 1900 Verirrung
1471 1859 1630 1900 abgeli'ihrt
1651 1860 1716 1890 und
1730 1860 1761 1890 in

430 1914 522 1943 ihnen
547 1914 598 1944 ein
622 1914 808 1944 lebhafteres
836 1914 987 1944 Interesse
1013 1916 1065 1945 fiir
1093 1916 1147 1945 das
1164 1915 1337 1946 Praetische
1358 1916 1421 1945 und
1439 1917 1490 1946 fiir
1507 1916 1555 1946 ein
1574 1916 1626 1946 der
1645 1915 1760 1947 Forde-

427 1982 504 2010 rung
532 1971 583 2000 des
610 1969 850 2000 staatszweckes
876 1971 1068 2010 gewidmetes
1089 1971 1189 2001 Leben
1209 1972 1325 2001 erwekt
1350 1971 1485 2004 haben.»
1513 1971 1603 2001 Char.
1624 1971 1655 2002 S.
1678 1970 1756 2002 101.

431 2026 591 2066 Ejusmodi
620 2026 764 2066 cogitatio
785 2033 864 2057 certe
882 2038 944 2056 non
962 2028 1053 2057 facile
1074 2027 1105 2056 in
1123 2026 1291 2057 Luci-anum
1311 2026 1470 2062 ceciderit3
1499 2027 1551 2056 sed
1571 2037 1659 2056 omne
1676 2027 1760 2057 aliud

426 2089 490 2121 est,
510 2083 591 2122 quod
610 2082 687 2112 idem
718 2083 791 2113 ibid.
811 2089 890 2113 recte
910 2084 1058 2121 attendit,
1082 2083 1247 2113 Lucianum
1267 2083 1432 2113 severiores
1459 2083 1602 2123 antiquos
1620 2084 1760 2116 homines

426 2136 455 2168 in
480 2138 629 2168 rhetorica
655 2139 745 2168 duces
769 2140 1003 2170 commendasse.
1029 2139 1061 2169 Si
1088 2149 1192 2169 verum
1222 2140 1280 2177 sit,
1303 2140 1385 2179 quod
1403 2150 1470 2169 cum
1491 2137 1614 2169 Rankio
1635 2140 1758 2171 Crame-

426 2205 477 2223 rus
507 2199 609 2233 putat,
644 2194 799 2224 Pollucem
825 2195 857 2224 in
884 2195 943 2226 Rh.
974 2196 1024 2226 Pr.
1056 2195 1174 2234 notari,
1204 2202 1233 2225 et
1254 2196 1280 2225 si
1298 2196 1370 2225 huic
1392 2207 1409 2225 a
1431 2195 1565 2225 Luciano
1587 2203 1757 2235 opponatur

427 2249 565 2287 sophista
592 2249 736 2280 Chrestus
759 2256 792 2279 ut
812 2249 955 2290 ἡγεμὼν
972 2251 1036 2290 τῆς
1056 2250 1230 2293 τραχείας
1255 2248 1342 2281 ὁδοῦ
1355 2272 1365 2288 ‚
1394 2261 1457 2280 non
1475 2251 1560 2281 aliud
1579 2251 1648 2281 inde
1666 2261 1757 2290 appa-

426 2313 491 2336 reat
505 2331 512 2345 ,
533 2318 623 2345 quam
644 2307 809 2337 Lucianum
830 2307 861 2337 in
885 2307 1012 2337 Chresto
1033 2307 1213 2346 peculiarem
1235 2308 1395 2347 quamdam
1418 2308 1596 2347 disciplinae
1614 2308 1755 2338 severita-

426 2369 482 2392 tem
501 2369 530 2393 ct
549 2364 744 2403 antiquorum
765 2364 970 2402 exemplorum
989 2363 1121 2393 studium
1134 2364 1404 2405 probasse.Neqne
1423 2364 1504 2394 enim
1524 2364 1645 2404 probari
1655 2370 1755 2403 potest

424 2418 581 2449 Chi-esium
608 2420 758 2458 quoddam
784 2420 985 2449 methodicum
1010 2426 1175 2449 extremum
1205 2420 1414 2451 1·etulisse.—-
1436 2420 1493 2450 Sed
1519 2426 1674 2459 praeterea
1691 2430 1753 2449 non

424 2481 468 2503 est
499 2475 657 2513 probabile
687 2476 845 2506 Chrestum
865 2488 881 2505 a
919 2476 1053 2505 Luciano
1082 2476 1283 2514 significatum
1318 2476 1431 2515 fuisse,
1464 2476 1513 2506 vol
1540 2482 1658 2514 propter
1695 2475 1753 2505 hoc

424 2542 529 2569 unum,
552 2532 632 2569 quod
651 2532 722 2561 Luc.
736 2532 766 2561 in
777 2531 873 2561 severi
894 2532 978 2561 <lueis
999 2532 1116 2571 legibus
1140 2533 1318 2562 nominatim
1341 2533 1407 2573 τὴν
1430 2530 1677 2562 ὑδατοποσίαν
1702 2543 1754 2562 re·-

422 2593 518 2615 ‹⁴:·nsct
535 2611 542 2625 ,
563 2587 620 2619 Rh,
641 2587 691 2617 Pr.
714 2599 740 2617 c.
756 2587 797 2626 9,
819 2599 909 2626 quum
932 2589 966 2617 (lc
990 2588 1116 2618 Chresto
1138 2589 1268 2619 Philost.
1288 2589 1444 2627 retulerit,
1465 2600 1531 2618 cum
1554 2599 1614 2618 non
1631 2588 1751 2627 quidem

422 2643 588 2681 rimosum,
613 2650 743 2674 attamen
768 2645 904 2675 xinosum
925 2646 1015 2676 fuisse
1032 2657 1037 2675 :
1053 2647 1072 2675 l.
1095 2646 1122 2676 ll
1146 2671 1151 2686 .-
1171 2645 1202 2675 ll
1225 2671 1231 2677 ,
1254 2646 1268 2687 (x
1286 2645 1317 2676 2.
1341 2643 1447 2676 Οἶνον
1469 2643 1506 2674 δὲ
1529 2644 1748 2684 muham-03,

421 2698 602 2736 παροινίας
626 2697 775 2738 hocius.
