2013 3496
1047 247 1072 282 S

382 369 471 423 rjus
508 370 725 427 ingenium
755 379 794 411 ct
823 372 993 414 laudeni
1037 390 1273 415 censemus.
1320 375 1458 431 Igitur
1490 375 1533 416 in
1576 375 1718 417 rheto-

381 449 477 489 ricis
517 448 663 489 studiis
703 448 857 489 honam
891 451 1036 492 aetatis
1072 459 1236 506 partem
1275 453 1534 507 consumsit,
1575 453 1720 510 iisque

381 527 497 567 velut
530 527 792 582 προπαιδείᾳ
824 541 920 568 usus
962 536 1023 570 est
1064 529 1116 570 ad
1145 546 1218 579 ea,
1254 530 1410 587 quibus
1448 538 1594 585 postea
1621 546 1721 586 pro-

382 606 518 659 priam
560 604 728 646 laudem
763 606 940 661 adeptus
972 616 1046 649 est.
1087 609 1206 661 Quae
1242 608 1415 666 quidem
1453 609 1591 651 studia
1636 607 1715 650 nisi

381 690 578 724 accurate
603 685 714 726 inter
743 700 785 726 se
817 685 1163 742 distinguantur,
1212 701 1295 727 non
1319 694 1456 741 potest
1481 688 1533 728 ad
1560 689 1718 742 proba-

382 764 510 804 bilem
537 762 627 816 ejus
650 764 980 819 intelligentiam
1009 766 1250 819 perveniri,
1277 766 1450 807 confusa
1478 766 1616 820 potius
1635 781 1713 808 nec

378 842 663 884 ilincamentis
692 842 891 883 distincta
926 851 1054 900 atque
1081 843 1186 884 adeo
1205 844 1306 885 falsa
1329 843 1418 897 ejus
1444 844 1607 901 ingenii
1637 846 1718 886 erit

383 935 530 976 mage.
572 921 677 961 Tum
698 936 793 961 vero
823 922 865 961 in
896 919 959 961 his
984 921 1083 975 ipsis
1108 921 1197 974 ejus
1217 921 1441 963 rhetoricis
1465 923 1550 962 sive
1573 921 1716 977 sophi-

383 1000 497 1040 sticis
516 993 663 1040 studiis
696 1000 982 1040 existimandis
1003 1015 1180 1055 magnus
1201 1001 1373 1057 quiulam
1403 1016 1521 1042 error
1545 1001 1718 1044 exstitit.

384 1079 654 1133 Quapropter
671 1093 825 1132 operae
842 1078 1026 1132 pretium
1056 1080 1146 1119 fore
1172 1081 1411 1134 putavimus
1429 1113 1438 1129 ‚
1468 1088 1515 1120 ut
1532 1080 1717 1134 primum

385 1158 438 1198 (le
484 1156 695 1210 sophistae
741 1163 782 1196 ct
821 1154 1002 1196 rhetoris
1038 1158 1208 1198 nomine
1252 1158 1429 1215 ejusque
1465 1173 1544 1198 usu
1580 1172 1715 1213 pauca

385 1248 682 1283 moneremus,
712 1240 802 1273 tum
836 1249 933 1274 vero
964 1235 1017 1275 de
1045 1235 1219 1277 Luciani
1243 1235 1478 1291 sophisticis
1506 1236 1653 1276 studiis
1673 1243 1713 1277 et

388 1314 552 1367 scriptis
586 1312 925 1366 disputaremus:
960 1314 1018 1353 sic
1045 1315 1216 1370 quidem
1252 1314 1304 1355 (lc
1328 1316 1418 1369 ipso
1436 1314 1623 1355 Luciano
1639 1313 1719 1354 ali-

385 1392 555 1447 quando
579 1392 714 1432 verius
737 1391 951 1445 explicare
964 1393 1196 1446 poterimus
1217 1426 1226 1443 ,
1253 1407 1380 1449 quam
1401 1391 1540 1435 adhuc
1556 1392 1716 1432 sactum

387 1486 474 1510 esso
512 1469 689 1510 videtur.

940 1564 1151 1576 ——mvcoe

1011 1695 1089 1749 ΙΙ.

679 1837 682 1838 ’
706 1827 752 1855 DE
780 1825 984 1855 suptiis't'ts
1011 1827 1103 1857 SIVE
1132 1827 1403 1858 RHE'l'URtBL'S.

447 1943 696 1999 Priusquam
712 1942 763 1981 ad
785 1958 831 1983 ea
850 1957 958 1999 quac
987 1945 1281 1998 proposuimus
1301 1943 1550 1998 explicanda
1580 1944 1718 1984 venia-

388 2036 479 2062 mus
497 2036 736 2071 ,moncmus
754 2021 934 2062 lectores
958 2030 1119 2063 nostros
1138 2055 1146 2072 ,
1162 2038 1244 2063 non
1260 2037 1306 2062 eo
1322 2037 1394 2062 nos
1413 2022 1588 2062 consilio
1605 2021 1714 2062 hanc

388 2099 726 2156 disquisitionem
750 2099 983 2140 instituisse
998 2133 1007 2149 ,
1033 2107 1078 2140 ut
1093 2100 1227 2155 ipsam
1246 2099 1516 2154 sophisticam
1531 2107 1571 2140 et
1587 2097 1723 2140 rheto-

387 2179 518 2219 ricam
530 2178 736 2219 rationem
752 2176 928 2234 ejusque
940 2178 1165 2235 quamdam
1180 2178 1397 2219 historiam
1413 2193 1718 2229 enarraremus;

389 2255 460 2297 sed
491 2270 539 2297 ea
565 2256 701 2296 solum
729 2256 1099 2297 commonstraturi
1127 2270 1297 2305 sumus,
1327 2271 1435 2314 quae
1467 2255 1520 2297 ad
1547 2256 1721 2297 Luciani

388 2334 716 2391 intelligentiam
734 2334 912 2375 maxime
928 2334 1049 2375 utilia
1071 2334 1308 2377 videantur.
1329 2335 1423 2375 Fuit
1440 2341 1582 2376 autem
1600 2333 1722 2388 aple-

391 2414 530 2471 risque
566 2427 713 2454 eorum
733 2446 742 2464 ‚
790 2413 864 2469 qui
893 2412 944 2453 de
975 2411 1063 2466 ejus
1088 2413 1171 2455 vita
1202 2413 1375 2454 uberius
1404 2412 1722 2467 explicuerunt,

385 2491 589 2545 juventus
607 2491 696 2545 ejus
712 2491 756 2532 in
777 2491 880 2532 duas
896 2498 1037 2545 partes
1054 2491 1183 2533 divisa
1201 2525 1210 2541 ‚
1225 2491 1344 2546 quasi
1364 2492 1500 2546 primo
1518 2491 1562 2531 in
1581 2490 1724 2531 foren-

394 2570 508 2610 sibus
546 2569 805 2610 orationibus
834 2576 1018 2611 versatus
1035 2570 1164 2610 fuerit
1181 2603 1190 2619 ,
1211 2578 1300 2611 tum
1320 2585 1417 2611 vero
1437 2575 1596 2610 mutato
1616 2569 1723 2609 vitae

393 2647 567 2688 consilio
587 2647 636 2688 ad
665 2646 891 2701 sophistica
922 2647 1059 2689 studia
1078 2663 1119 2689 se
1148 2647 1395 2690 contulerit.
1432 2646 1556 2700 Quod
1592 2646 1718 2702 longo

394 2725 515 2766 aliter
535 2739 575 2766 se
592 2723 749 2766 hahere
768 2725 885 2766 nobis
913 2740 1156 2779 persuasum
1176 2733 1258 2776 est,
1279 2740 1356 2767 nce
1381 2731 1568 2779 separata
1587 2723 1717 2764 fuisse
