2013 3496
868 218 922 258 63

236 348 381 402 Neque
409 346 530 386 aliter
566 345 763 387 historiae
800 345 1048 400 dignitatem
1089 364 1111 388 a
1157 348 1437 388 recentiorum
1465 364 1551 389 sor-

231 424 356 464 dibus
385 423 597 465 vindicare
623 423 797 464 studuit.
831 423 899 463 Uti
930 425 1180 480 integritatis
1214 433 1254 466 ct
1279 426 1551 479 incorruptae

231 501 362 541 animi
384 501 592 542 libertatis
618 500 941 556 Xenophontem
971 504 1068 543 etin
1093 504 1237 558 primis
1261 503 1549 560 Thucydidem

232 578 274 618 in
309 579 417 620 libro
463 577 514 619 de
544 578 694 629 modo,
735 594 819 635 quo
855 579 1072 620 Historia
1099 580 1425 622 conscribenda
1456 583 1546 630 sit,

231 657 421 712 exempla
453 657 653 712 proponit
687 669 698 690 ¹
721 690 730 708 ‚
771 658 829 698 ita
866 657 1117 699 historicum
1151 659 1195 700 in
1221 674 1268 700 eo
1289 658 1437 712 jubet,
1466 674 1552 700 una

232 751 330 777 cum
374 736 489 777 civili
529 736 779 790 prudentia,
815 736 862 776 ea
895 737 1151 778 instructum
1201 752 1287 779 esse
1325 737 1550 794 eloquendi

229 814 456 864 facultate,
512 828 620 870 quae
662 814 869 871 acquisita
913 814 966 854 sit
1004 815 1138 856 multa
1178 816 1476 857 exercitatione
1512 824 1552 857 et

230 899 434 946 perpetuo
469 892 614 933 labore
646 895 718 933 καὶ
746 891 857 947 ζήλῳ
886 894 972 933 τῶν
1002 893 1193 947 ἀρχαίων
1235 892 1265 934 ².

290 969 487 1013 Videmus
528 970 572 1010 in
612 968 817 1022 ejusmodi
859 968 989 1019 loeis,
1018 970 1133 1026 quod
1158 969 1249 1023 jam
1278 971 1459 1011 strictim
1486 979 1550 1012 at-

231 1045 402 1087 tendere
433 1047 560 1096 licet,
590 1053 852 1102 quantopere
890 1046 1100 1087 Lucianus
1138 1047 1181 1088 in
1222 1048 1270 1087 iis
1312 1048 1464 1097 rebus,
1506 1049 1549 1088 in

227 1126 381 1182 quibus
421 1131 585 1166 certum
623 1123 849 1181 quemdam
893 1131 932 1164 et
968 1124 1146 1179 dignum
1178 1125 1394 1166 laboribus
1424 1125 1548 1167 finem

228 1202 489 1257 propositum
519 1216 606 1242 esse
633 1208 908 1256 agnosceret,
946 1216 1031 1242 non
1060 1202 1160 1242 levis
1189 1201 1312 1243 homo
1337 1211 1409 1245 aut
1435 1218 1549 1245 seve-

228 1281 346 1321 rioris
390 1294 518 1320 curae
562 1280 784 1334 impatiens
824 1279 956 1320 videri
993 1281 1202 1331 voluerit,
1235 1288 1281 1321 ut
1313 1281 1427 1323 haud
1456 1297 1548 1324 raro

226 1359 357 1400 videri
388 1359 519 1409 solet,
549 1358 621 1399 ubi
661 1359 705 1399 in
742 1356 1004 1412 Philosophis
1034 1358 1292 1414 disciplinis,
1331 1360 1374 1401 in
1404 1361 1549 1415 primis

224 1437 267 1477 in
295 1437 458 1487 Stoica‚
491 1438 663 1492 procaci
693 1437 778 1477 risu
816 1437 954 1491 ipsum
984 1438 1238 1479 Hesiodeum
1271 1442 1435 1495 μακρὸν
1475 1444 1547 1481 καὶ

221 1518 372 1571 ὄρθιον
420 1514 540 1570 οἶμον
581 1515 739 1557 illudit.
786 1516 834 1556 In
872 1515 1004 1555 literis
1042 1524 1180 1567 certe,
1221 1517 1296 1557 ubi
1335 1516 1545 1567 habebat,

223 1608 329 1649 quos
369 1595 569 1648 probaret
605 1600 646 1634 et
686 1600 935 1650 sequeretur
974 1594 1192 1648 exempla,
1237 1595 1270 1634 si
1315 1596 1409 1651 quis
1440 1595 1547 1636 alius

225 1672 434 1726 perspexit
484 1672 628 1713 labore
667 1671 802 1712 solum
844 1684 893 1712 ac
932 1670 1153 1728 diligentia
1195 1686 1335 1713 veram
1376 1672 1545 1714 laudem

224 1750 476 1804 comparari.

280 1828 371 1868 Jam
411 1829 442 1868 si
479 1827 560 1869 hac
600 1829 806 1868 severiore
837 1828 1055 1869 literarum
1084 1827 1308 1883 disciplina
1340 1828 1545 1869 melioris-

223 1921 306 1963 que
333 1906 422 1947 aevi
460 1907 503 1947 in
533 1906 582 1946 iis
612 1907 895 1948 aemulatione
923 1907 1185 1961 potissimum
1224 1907 1261 1947 ei
1290 1908 1542 1964 contigerit,

221 1992 291 2037 ut,
339 1985 414 2040 qui
450 1985 625 2041 antiqua
666 1985 778 2025 vitae
811 1985 1019 2039 praesidia
1053 1985 1231 2026 satiricis
1264 1986 1348 2025 suis
1377 1987 1543 2042 scriptis

224 2078 332 2104 unus
352 2063 530 2104 maxime
557 2063 841 2113 labefactavit,
858 2064 971 2104 idem
1003 2071 1176 2118 propter
1203 2064 1475 2119 conspicuam
1498 2066 1539 2106 in

220 2141 269 2181 iis
314 2142 533 2198 antiquam
588 2141 749 2197 ingenii
794 2149 833 2182 et
880 2142 1020 2182 cultus
1058 2142 1373 2193 salubritatem,
1419 2144 1542 2184 etiam

221 2219 347 2261 hodie
380 2226 625 2260 numeretur
653 2220 697 2259 in
739 2220 1002 2273 paucissimis
1037 2219 1256 2260 deterioris
1302 2221 1391 2260 aevi
1440 2221 1542 2260 scri-

218 2298 439 2354 ptoribus,
479 2299 551 2354 qui
580 2299 776 2339 florentes
805 2298 946 2338 literas
980 2298 1161 2339 Graecas
1194 2298 1314 2338 nobis
1352 2298 1540 2352 proxime

217 2377 423 2427 referant,
463 2391 547 2417 non
587 2377 687 2417 item
735 2377 771 2417 ei
815 2376 1041 2432 contigisse
1076 2384 1279 2431 apparet,
1317 2383 1363 2416 ut
1400 2376 1541 2418 rhetor

262 2569 274 2587 1
305 2569 413 2610 Quom.
444 2569 522 2599 llist.
549 2568 707 2598 conscrib.
735 2579 759 2597 c.
795 2567 857 2605 33,
891 2566 947 2608 139,
972 2566 1031 2605 42,
1051 2567 1197 2601 5:00111'.
1223 2567 1354 2595 ‹nnmino
1377 2567 1536 2596 Hermann.

216 2627 372 2656 comment
391 2637 420 2664 p.
442 2624 525 2664 240,
553 2623 637 2658 253,
664 2622 742 2655 256.

275 2701 288 2718 2
316 2700 421 2739 Quom.
440 2700 517 2730 Hist.
537 2700 692 2729 conscrib.
715 2712 738 2727 ‹·.
762 2699 812 2728 34.
