2013 3496
1081 206 1132 245 52

445 352 489 378 ro
519 336 690 378 demum
708 367 718 385 ,
743 347 820 374 nec
843 332 1027 386 juvenili
1054 332 1289 374 temeritate
1321 347 1415 374 eum
1445 334 1487 374 in
1509 333 1655 374 aetatis
1668 348 1767 375 suae

442 414 579 455 studia
607 411 886 453 insultavisse.
920 409 1073 451 Contra
1096 410 1139 451 in
1171 410 1339 465 optimis
1367 410 1602 464 juventutis
1625 414 1771 467 operi-

445 495 519 534 bus
536 525 545 543 ,
567 492 611 532 in
640 489 788 545 primis
817 489 861 529 in
880 488 1061 545 dialogis
1086 488 1137 529 de
1166 489 1365 530 Amicitia
1389 503 1439 530 ac
1460 489 1512 530 de
1535 489 1771 546 Gymnasiis

447 571 553 612 etin
583 569 634 609 iis
666 567 1044 623 praefatiunculis,
1083 567 1156 607 ubi
1186 567 1236 607 (le
1269 568 1353 608 suis
1391 567 1516 609 rebus
1548 576 1588 609 et
1623 568 1772 610 studiis

447 665 588 691 coram
621 648 887 690 auditoribus
919 646 1117 701 exponit,
1159 653 1244 687 tam
1279 661 1425 688 serena
1468 647 1601 688 enitet
1641 647 1769 689 animi

444 728 639 769 alacritas
656 760 666 778 ,
686 735 858 783 tamque
887 725 1027 767 nativa
1043 723 1292 778 jucunditas
1309 758 1318 775 ,
1338 733 1385 766 ut
1411 725 1550 766 minus
1577 725 1772 781 aliquan-

444 816 535 847 tum
565 807 795 861 miremur7
823 805 856 845 si
893 820 946 846 ne
987 812 1075 845 tum
1107 804 1302 859 quidem,
1342 818 1475 860 quum
1509 803 1561 844 de
1597 804 1772 844 veritate

445 893 484 925 et
521 884 785 939 perfectione
823 882 1112 925 vehementius
1148 882 1371 937 desperare
1401 881 1626 936 coepisset⁷
1656 880 1772 922 hunc

445 963 563 1019 quasi
580 962 801 1018 proprium
832 969 1007 1003 naturae
1033 960 1121 1013 ejus
1152 959 1344 1001 habitum
1364 974 1536 1015 prorsus
1563 968 1770 1001 mutatum

445 1041 646 1082 videmus.
681 1038 917 1092 conjuncta
943 1038 988 1078 in
1017 1039 1204 1079 Luciano
1235 1036 1340 1079 haec
1368 1038 1563 1080 alacritas
1591 1045 1651 1078 est
1675 1052 1772 1079 cuni

446 1118 680 1159 cultissimo
702 1131 826 1158 sensu
845 1123 885 1157 et
913 1114 1051 1156 studio
1071 1117 1259 1157 Graecae
1283 1115 1570 1158 humanitatis.
1604 1116 1774 1170 Spirant

445 1199 550 1241 haec
582 1197 626 1238 in
657 1196 798 1237 Attica
814 1202 1056 1246 venustate,
1090 1210 1217 1252 quam
1248 1194 1465 1236 interdum
1492 1194 1654 1235 urbana
1675 1207 1772 1234 cnm

446 1273 638 1318 libertate
679 1275 882 1332 gloriatus
912 1281 974 1315 est
1008 1289 1073 1325 se,
1116 1274 1345 1316 barbarum
1381 1273 1483 1314 licet
1526 1271 1770 1322 hominem,

442 1356 609 1411 scriptis
649 1355 732 1396 suis
766 1354 1016 1396 conciliasse
1045 1352 1054 1374 ¹

1063 1388 1072 1405 ,
1109 1362 1148 1395 et
1184 1369 1283 1395 vero
1320 1353 1364 1394 in
1395 1367 1443 1394 eo
1479 1367 1648 1401 amore,
1687 1366 1772 1407 quo

445 1437 485 1476 in
512 1436 660 1490 primis
685 1434 871 1475 Athenas
897 1433 1059 1475 dilexit.
1094 1434 1185 1474 Non
1216 1432 1452 1474 Lucianum
1480 1432 1701 1481 audimus,
1726 1440 1774 1472 ut

444 1514 641 1569 plerique
669 1511 880 1566 sophistae
914 1511 1132 1562 solebant,
1165 1509 1428 1552 Athenarum
1456 1517 1627 1565 tropaea
1661 1510 1772 1551 cele-

444 1595 664 1644 brantem,
685 1591 756 1633 sed
783 1591 859 1632 ubi
890 1605 1034 1632 earum
1066 1590 1212 1632 laudes
1232 1590 1295 1630 vel
1318 1588 1548 1644 sophistico
1567 1589 1745 1631 consilio
1765 1623 1774 1640 ‚

445 1672 508 1712 uti
533 1672 577 1712 in
593 1669 749 1727 Scytha
774 1685 804 1711 s.
834 1669 1011 1724 Hospite
1028 1702 1037 1720 ‚
1062 1668 1257 1725 attingit,
1289 1668 1573 1710 delenimenta
1595 1676 1636 1709 et
1663 1669 1775 1710 bona

447 1756 651 1790 memorat
677 1748 722 1789 in
749 1747 990 1802 ΕΕλληνικῇ
1016 1747 1194 1800 παιδείᾳ
1220 1746 1373 1801 posita,
1395 1754 1436 1787 et
1468 1746 1665 1787 Solonem
1698 1745 1774 1788 ho-

447 1828 547 1883 spiti
576 1834 855 1868 monstratum
893 1826 995 1867 facit
1026 1824 1288 1880 ςΕλληνικὸι)
1325 1825 1673 1879 κανόνα-δεῖγμα
1701 1830 1774 1879 τῆς

451 1907 705 1961 φιλοσοφίας
729 1911 801 1960 τῆς
834 1906 1050 1958 Ἀττικῆς
1079 1902 1108 1926 ²·
1142 1911 1183 1944 et
1212 1918 1311 1944 sane
1339 1917 1429 1944 eam
1459 1903 1643 1944 Atticam
1676 1902 1773 1957 phi-

447 1984 681 2039 losophiam
714 1999 837 2025 nemo
867 1983 1018 2023 melius
1047 1996 1173 2039 quam
1205 1981 1416 2023 Lucianus
1445 1981 1670 2036 expressit,
1699 1981 1774 2022 ubi

448 2064 631 2105 eundem
657 2063 855 2104 Solonem
889 2062 933 2102 in
964 2060 1254 2103 Anacharside
1283 2075 1357 2101 suo
1390 2060 1435 2101 in
1473 2074 1642 2101 scenam
1675 2075 1773 2115 pro-

496 2273 507 2295 1
535 2275 604 2308 vid.
620 2276 671 2305 Bis
682 2274 755 2305 Ace.
767 2286 792 2305 c.
804 2273 857 2305 34.
869 2274 949 2306 ἐπεὶ
967 2274 1039 2306 τῶν
1057 2287 1098 2316 γε
1116 2273 1229 2305 ἄλλων
1250 2273 1353 2305 ἕνεκα
1373 2273 1436 2304 οὐκ
1449 2273 1494 2305 ἂν
1509 2266 1605 2313 οἶμαι
1616 2272 1772 2312 μέμψαι-

448 2330 488 2361 τό
514 2344 571 2370 μοι,
588 2330 617 2373 (ὁ
645 2330 839 2372 διάλογος),
872 2329 915 2366 ὡς
940 2331 1128 2370 θοιμάτιον
1155 2332 1265 2362 τοῦτο
1294 2331 1335 2362 τὸ
1356 2325 1573 2373 Ἐλληνικὸν
1597 2330 1771 2374 περισπά-

446 2395 508 2423 σας
527 2386 640 2418 αὐτοῦ
665 2385 891 2430 βαρβαρικόν
919 2398 954 2417 τι
978 2387 1218 2425 navarrorum,
1240 2388 1299 2417 καὶ
1317 2388 1439 2418 ταῦτα
1458 2386 1644 2430 βάρβαρος
1665 2386 1775 2422 αὐτὸς

449 2435 539 2474 εἶναι
557 2442 682 2473 δοκῶν.
704 2443 753 2473 Bis
765 2443 874 2476 Acc.c.
887 2441 939 2476 30.
960 2442 1020 2472 καὶ
1041 2443 1107 2486 γὰρ
1125 2442 1317 2474 ἐπαίδευσε
1342 2440 1412 2483 (ἐμὲ
1431 2442 1452 2483 ἦ
1471 2436 1774 2485 ξΡητορικᾶῂ-καὶ

448 2501 480 2535 ἒς
511 2499 594 2535 τοὺς
615 2493 800 2541 (Έλληνας
825 2498 1013 2542 ἐνέγραψε,
1048 2499 1109 2529 καὶ
1129 2498 1221 2530 κατά
1242 2510 1281 2539 γε
1305 2499 1415 2530 τοῦτο
1441 2497 1543 2541 χάριν
1565 2495 1609 2527 ἂν
1635 2496 1774 2539 εἰδείην

450 2555 497 2598 τῷ
520 2555 629 2597 γάμῳ.
658 2556 767 2586 Zeuxis
790 2567 815 2585 c.
846 2554 877 2585 2.
911 2555 1054 2599 χάριτος
1079 2550 1255 2596 Ἀττικῆς
1274 2554 1296 2596 ἢ
1321 2553 1492 2599 ἁρμονίας
1510 2552 1532 2593 ἢ
1551 2552 1678 2595 τέχνης
1710 2554 1773 2594 τῆς

448 2606 499 2648 ἐφ’
523 2611 650 2649 ἅπασι,
672 2611 810 2643 τοί-των
831 2610 870 2642 δὲ
891 2611 1008 2656 πόρρω
1034 2610 1112 2647 ιιῖσως
1136 2609 1283 2651 τούμόν.

498 2685 511 2702 ²
535 2688 637 2728 Scyth.
659 2701 681 2719 s.
702 2689 793 2727 Hoap.
816 2701 840 2719 c.
864 2689 875 2719 l
897 2714 903 2728 ‚
927 2689 956 2720 5.
