2013 3496
1073 210 1124 247 58

422 340 599 382 rhetoris
643 346 783 381 autem
827 337 911 378 vita
959 337 1194 392 requiritur
1225 335 1506 377 intolerabilis
1545 333 1750 387 jactantia

423 420 486 459 sui
518 421 527 442 ¹
573 426 613 458 et
653 416 834 458 aliorum
878 415 1143 456 obtrectatio.
1192 414 1414 455 Caeterum
1462 411 1749 466 impudentia,

427 503 668 551 promptum
691 493 962 534 mendacium
990 500 1031 533 et
1052 494 1094 532 in
1120 492 1313 533 extremis
1339 490 1462 532 labiis
1489 489 1752 545 perjurium,

426 573 708 628 impurissima
740 572 910 612 omnino
938 578 979 612 et
1009 569 1189 611 nefanda
1214 569 1420 624 inprimis
1452 567 1584 609 libido
1603 567 1641 618 ²,
1689 575 1755 608 ut-

430 659 526 707 pote
548 659 639 691 tum
663 651 821 707 alioqui
846 649 1081 691 rhetoricae
1106 648 1298 690 facultati
1321 655 1362 688 et
1379 646 1496 688 laudi
1514 647 1748 695 fructuosa,

427 739 515 772 tum
552 730 729 772 mirifice
760 729 904 771 efficax
928 728 981 770 ad
1008 727 1247 784 augendam
1281 725 1589 782 impudentiam
1617 731 1746 780 atquc

421 809 657 852 audaciam.

479 889 592 930 Haec
633 887 803 946 quidem
878 886 1015 928 omnia
1047 883 1253 940 praesidia
1293 883 1372 925 sibi
1415 891 1455 924 et
1496 882 1677 923 adfuisse
1715 888 1756 922 et

419 967 802 1021 splendidissimum
821 966 864 1005 in
906 963 1116 1005 rhetorica
1146 962 1285 1004 locum
1304 962 1516 1017 peperisse
1532 960 1620 1001 viae
1645 959 1759 1000 illius

420 1046 503 1085 dux
523 1045 758 1099 profitetur.
792 1044 941 1083 Noster
955 1048 1096 1082 autem
1122 1041 1165 1081 in
1210 1040 1291 1081 fine
1318 1039 1415 1081 libri
1445 1039 1776 1081 adolescentem·

425 1122 635 1173 hortatur,
665 1128 713 1161 ut
732 1119 822 1174 jam
851 1118 952 1160 huic
981 1119 1066 1175 legi
1093 1118 1381 1172 obtemperet,
1426 1117 1486 1158 sic
1508 1117 1619 1157 enim
1648 1116 1753 1165 fore,

423 1208 470 1241 ut
502 1206 542 1240 et
568 1200 611 1240 in
635 1198 809 1253 judiciis
831 1198 972 1238 vincat
1001 1204 1042 1237 et
1073 1196 1187 1251 apud
1210 1194 1529 1236 multitudinem
1558 1192 1752 1235 celebre-

422 1288 516 1328 tur,
555 1278 660 1335 quin
702 1277 806 1318 adeo
844 1274 1178 1330 pulcherrimam
1242 1274 1466 1316 mulierem
1500 1272 1755 1315 rhetoricam

428 1358 560 1411 ipsam
593 1369 767 1396 uxorem
800 1354 942 1396 ducat.

481 1436 794 1491 Saepenumero
819 1433 1029 1474 Lucianus
1046 1466 1056 1483 ,
1087 1446 1345 1490 quamquam
1388 1432 1641 1486 plerumque
1664 1429 1758 1470 stri-

424 1515 551 1565 ctim,
576 1514 620 1555 in
647 1513 740 1555 aliis
770 1512 968 1567 operibus
993 1510 1215 1553 rhetorum
1245 1512 1389 1552 literas
1417 1524 1467 1551 ac
1499 1523 1635 1550 mores
1668 1509 1757 1549 vel-

423 1593 594 1642 licavit,
627 1591 679 1632 de
714 1591 924 1632 industria
954 1605 1052 1631 vero
1072 1589 1276 1631 sermonis
1304 1586 1522 1644 sophistici
1547 1586 1758 1629 lenocinia

426 1670 469 1711 in
502 1668 770 1725 Lexz‘plzane
798 1669 902 1711 risit.
936 1670 985 1710 In
1012 1683 1124 1725 quo,
1157 1667 1342 1709 exhibito
1370 1665 1590 1708 luculento
1622 1666 1756 1721 speci-

427 1749 552 1799 mine,
572 1762 719 1789 eorum
745 1748 951 1789 insaniam
968 1746 1193 1797 describit,
1217 1746 1318 1803 qui,
1347 1759 1481 1803 quum
1510 1742 1757 1786 revocandis

476 1942 483 1957 1
516 1941 574 1971 Rh.
597 1941 646 1971 Pr.
676 1952 702 1970 c.
728 1939 791 1969 21:
827 1940 864 1970 ‘cb
887 1939 955 1982 γὰρ
976 1937 993 1968 ὁ
1014 1937 1213 1974 Παιαφιεὺς
1239 1937 1320 1982 τρὸς
1344 1937 1424 1976 ἐμές
1451 1938 1532 1968 Dial.
1552 1938 1588 1966 de
1611 1937 1710 1966 Oratt.
1733 1948 1760 1966 c.

424 1996 486 2027 26:
514 2009 532 2027 «
548 1998 665 2037 Quotus
690 1997 771 2026 enim
798 1997 925 2036 quisque
951 1995 1202 2024 scholasticorum
1229 2005 1291 2023 non
1315 1993 1372 2023 hac
1392 2004 1445 2023 sua
1464 1993 1654 2031 persuasione
1674 1991 1754 2021 frui-

424 2061 490 2092 tur,
503 2059 534 2082 ut
552 2064 582 2084 se
599 2059 669 2082 ante
689 2053 859 2083 Ciceronem
881 2049 1043 2080 numeret?
1059 2061 1073 2078 »
1098 2051 1174 2080 Vide
1191 2050 1357 2089 jucundam
1376 2049 1578 2078 uariatione-m
1597 2048 1634 2078 de
1654 2047 1756 2078 Cestio

424 2110 648 2148 declamatore,
670 2109 748 2146 apud
778 2107 818 2137 M.
844 2107 926 2136 Ann.
955 2107 1058 2136 Senec.
1090 2107 1163 2136 Exc.
1185 2106 1270 2136 Decl.
1299 2106 1402 2135 Contr.
1436 2105 1504 2144 III,
1533 2105 1565 2134 in
1586 2105 1753 2144 profiemiO.

426 2166 626 2206 Arrogantiae
651 2165 853 2203 sophistarum
881 2164 1018 2202 exempla
1044 2163 1105 2193 vid.
1134 2174 1182 2201 ap.
1205 2163 1348 2192 Philostr.
1368 2162 1510 2203 Philager
1529 2163 1557 2204 (gi
1579 2161 1625 2203 l.)
1642 2161 1751 2192 dormi-

428 2225 505 2253 tanti
530 2223 662 2252 auditori
682 2222 841 2260 colaphum
864 2221 994 2260 impegit.
1020 2221 1143 2250 Polemo
1165 2220 1193 2261 (χῖ
1222 2221 1268 2261 4.)
1289 2220 1330 2249 ita
1350 2220 1517 2250 orationem
1542 2230 1666 2249 exorsus
1684 2225 1746 2249 est:

427 2279 535 2315 φασὶν
561 2278 672 2317 ὑμᾶς,
701 2265 727 2307 ὦ
745 2276 950 2319 Λθηναιοῖ,
971 2275 1096 2313 σοφούς
1121 2268 1210 2306 εἶναι
1238 2274 1414 2318 ἀκροατὰς
1442 2273 1564 2315 λόγων·
1593 2272 1743 2312 εἴσομαι.

435 2336 581 2365 'nlrianus
608 2335 638 2376 (ᾗ
658 2333 704 2374 2.)
719 2358 727 2373 ,
754 2345 860 2372 nempe
888 2333 968 2373 Tyro
992 2333 1156 2367 oriundus,
1176 2332 1363 2362 Athenarum
1384 2332 1555 2362 cathedram
1578 2341 1748 2370 occupans:

428 2391 533 2422 πάλιν
553 2392 588 2422 ἐκ
618 2390 783 2432 Φοινίκης
804 2389 1010 2433 γράμματα.

474 2466 488 2482 2
517 2467 632 2497 Auctor
651 2465 705 2495 lib.
725 2465 760 2494 de
782 2475 864 2502 puer.
883 2464 968 2493 edne.
988 2464 1091 2493 Reisk.
1114 2463 1240 2494 l)l11i.'l'.
1257 2463 1319 2496 VI,
1343 2475 1370 2501 p.
1384 2463 1442 2502 IS,
1465 2463 1517 2493 ubi
1534 2473 1550 2490 a
1567 2461 1753 2502 panegyricis

432 2523 516 2561 ungis
533 2533 622 2560 quant
642 2520 815 2561 longissime
841 2521 950 2550 abduci
969 2520 1050 2549 filios
1068 2521 1171 2560 jubet,
1198 2519 1294 2549 addit:
1319 2518 1387 2562 ὁρῶ
1410 2513 1557 2560 δ”ἕγωγε
1579 2515 1662 2553 τοὺς
1675 2521 1752 2553 ’τοῖς

431 2575 688 2621 ουρφετῲδιτσιν
728 2575 842 2619 ὄχλοις
878 2575 1032 2619 ἀρεστῶς
1071 2575 1132 2606 καὶ
1181 2573 1433 2618 κεχαρισμένως
1471 2571 1755 2613 ἐπιτηδεύοντας

432 2632 566 2673 λέγων,
598 2634 655 2664 καὶ
686 2633 748 2665 τὸν
775 2634 853 2672 βίον
882 2630 923 2668 ὡς
948 2633 992 2662 τὰ
1018 2630 1131 2663 πολλὰ
1156 2629 1309 2666 ἀσώτους
1337 2629 1396 2661 καὶ
1426 2626 1635 2669 φιληδόνους
1664 2625 1753 2660 ἀπο-

430 2689 631 2726 p'ccltson“1'ct=;·,
