2013 3496
1062 215 1114 252 30

425 340 512 393 jam
545 343 781 395 exemplum
826 339 941 380 dedit
979 340 1241 380 Herumnuus
1275 349 1310 387 ¹,
1359 340 1432 395 qui
1480 348 1591 381 rcctc
1625 341 1749 381 etiam

430 422 592 461 monuit
622 436 665 459 ca
696 419 868 460 Luciani
893 418 1071 472 scripta,
1106 431 1215 474 quae
1243 431 1325 458 non
1352 416 1533 458 habeant
1559 420 1752 461 satiricae

430 500 598 540 rationis
624 500 885 539 manifestam
913 497 1285 553 significationem,
1319 497 1352 537 si
1377 510 1513 551 pauca
1544 497 1750 552 quaedam

427 578 608 633 excipias
629 610 639 627 ,
671 576 884 631 prioribus
912 576 1000 615 fere
1029 589 1155 629 quam
1182 575 1486 629 posterioribus
1509 576 1647 629 potius
1676 575 1751 617 ad-

430 654 689 697 numeranda
713 669 814 695 esse.

485 732 744 786 Excipienda
773 738 914 772 autem
941 737 1066 780 sunt,
1114 731 1320 771 nonnulla
1344 746 1365 770 a
1391 731 1554 772 seniore
1581 733 1752 786 peculi-

426 813 566 853 aribus
605 808 993 865 opportunitatibus
1027 808 1294 862 conseripta,
1332 816 1379 848 ut
1420 809 1615 865 apologia
1654 809 1753 851 Pro

427 888 627 932 Mercede
654 887 896 928 Conduetis
913 920 922 937 ,
944 894 984 927 et
1011 885 1106 926 Pro
1127 885 1281 941 Lapsa
1311 887 1428 927 iuler
1449 885 1752 928 Salutandum

429 977 469 1010 et
496 982 551 1009 ea—
572 965 794 1021 sophistica
828 964 1030 1018 opuscula
1060 972 1106 1004 ut
1141 962 1367 1017 Bacchus,
1400 963 1636 1014 Hercules,
1671 965 1753 1006 alia

428 1060 561 1102 pauca
584 1078 593 1096 ,
623 1058 732 1099 quae
754 1042 994 1082 monuimus
1013 1042 1065 1081 ab
1084 1041 1310 1082 admodum
1327 1057 1423 1082 sene
1440 1043 1676 1097 conscripta
1693 1043 1752 1083 vi—

429 1124 534 1166 deri.
552 1124 657 1163 Tum
673 1121 796 1162 etiam
808 1120 987 1160 maxime
1003 1119 1179 1175 vigentis
1194 1119 1340 1159 aetatis
1353 1133 1485 1159 unum
1501 1127 1541 1160 et
1554 1120 1752 1168 alterum,

429 1206 471 1245 in
501 1216 586 1258 quo
614 1198 884 1254 sophisticam
914 1199 1091 1239 formam
1113 1195 1309 1237 adhibuit
1332 1196 1383 1237 ad
1417 1196 1750 1238 commendanda

426 1280 595 1323 satirica
630 1278 810 1332 scripta,
842 1276 985 1331 qualia
1021 1282 1119 1315 sunt
1152 1274 1448 1315 Prometheus
1474 1274 1523 1313 in
1559 1271 1747 1324 Verhw,

430 1367 470 1401 et
499 1359 672 1400 sortasse
703 1354 870 1396 Zeuxis
890 1369 925 1395 s.
956 1352 1233 1397 Antiochum
1265 1351 1328 1392 vel
1357 1352 1401 1392 in
1419 1352 1574 1406 quibus
1591 1359 1750 1394 remoto

429 1437 543 1479 omni
576 1435 783 1477 severiore
813 1432 1012 1481 consilio,
1056 1445 1170 1471 nuuc
1207 1431 1332 1471 vitam
1365 1439 1404 1471 et
1428 1445 1564 1472 mores
1599 1431 1754 1472 descri-

433 1516 536 1571 psit,
566 1526 680 1555 nunc
705 1511 853 1553 festivo
880 1509 1055 1566 ingenio
1078 1508 1202 1559 lusit3
1238 1507 1480 1562 hujusmodi
1498 1516 1594 1549 sunt
1613 1507 1753 1549 fllere-

431 1594 560 1636 lrz'cit'
581 1590 778 1647 Dialogi
808 1596 848 1629 et
876 1587 1115 1642 complures
1132 1585 1325 1642 Dialoyi
1349 1584 1547 1627 Deorum
1565 1619 1574 1635 ,
1602 1585 1751 1626 Verae

430 1671 689 1720 Historiae,
738 1676 776 1709 et
805 1668 838 1708 si
865 1666 1039 1722 quidem
1062 1664 1238 1705 Luciani
1265 1664 1316 1704 sit
1342 1678 1471 1718 opus,
1494 1663 1749 1718 lepidissima

427 1751 572 1793 fabula
593 1747 637 1791 A
642 1749 737 1789 sini
744 1780 751 1786 .

482 1829 715 1883 Praecipua
746 1825 1112 1873 enumerabimus,
1166 1837 1274 1879 quae
1303 1829 1500 1876 putamus
1525 1821 1748 1877 sophistica

429 1924 516 1951 esse
539 1907 693 1962 scripta
714 1912 841 1961 atque
858 1901 1067 1956 juvenilia
1092 1900 1270 1941 Luciani
1296 1899 1431 1940 studia
1455 1899 1686 1941 declarare.

487 1987 540 2028 Et
574 1985 779 2040 primum,
811 1980 925 2038 quod
955 1995 1002 2021 ex
1028 1979 1117 2033 ejus
1142 1980 1223 2020 vita
1243 1985 1283 2018 et
1316 1978 1441 2018 rebus
1467 1978 1588 2019 nobis
1619 1992 1746 2033 appa-

429 2065 534 2117 ruit,
577 2062 674 2104 satis
716 2073 928 2115 superque
971 2064 1179 2099 testantur
1213 2054 1437 2111 sophistica
1466 2055 1558 2110 ejus
1591 2070 1744 2110 opera,

429 2157 526 2185 eum
552 2143 595 2182 in
623 2137 791 2180 dicendi
819 2136 946 2178 laude
975 2134 1268 2191 persequenda
1310 2134 1524 2190 singulare
1552 2133 1625 2176 diu
1655 2141 1743 2174 stu-

428 2221 545 2262 dium
573 2217 774 2274 posuisse.
804 2214 1062 2256 Lueulenter
1091 2214 1134 2253 in
1156 2213 1302 2266 primis
1327 2211 1408 2253 hoe
1438 2211 1626 2267 produnt
1647 2212 1743 2253 bre-

425 2299 560 2340 viores
594 2297 692 2337 illae
720 2291 953 2349 προλαλιαί
986 2295 999 2317 2
1042 2291 1125 2331 sive
1167 2289 1402 2331 rhetoricae
1433 2290 1739 2344 praefationes,

460 2498 473 2520 Ῑ
501 2500 534 2530 C.
553 2498 604 2528 Fr.
625 2498 798 2534 Hermann,
827 2495 858 2525 in
878 2493 1009 2535 Allgem.
1034 2493 1154 2523 schulz.
1180 2491 1285 2532 1832,
1310 2492 1340 2522 S.
1363 2491 1436 2522 808.
1464 2491 1588 2521 Secutus
1607 2502 1673 2521 cum
1696 2498 1739 2521 cst

416 2556 494 2587 God.
513 2556 654 2585 WVetzlar
667 2577 674 2593 ,
687 2553 718 2582 in
740 2562 822 2590 supr.
843 2552 961 2581 laudat.
986 2551 1152 2580 Comment.
1175 2560 1201 2587 p.
1220 2548 1273 2579 52.

466 2636 483 2654 9·
512 2635 583 2665 Vid.
615 2635 697 2665 titul.
729 2633 841 2664 Bacchi
860 2639 889 2662 et
912 2632 1072 2672 Herculis,
1091 2632 1121 2661 in
1143 2632 1222 2662 Edit.
1249 2631 1429 2670 Jacohitzii,
1450 2641 1514 2660 cuni
1534 2631 1567 2659 Π.
1588 2630 1680 2661 Codd.
1702 2631 1735 2660 Τ.

424 2693 493 2733 III,
515 2704 541 2731 p.
561 2690 641 2723 225.
663 2690 737 2721 231,
