2013 3496
1075 194 1126 233 lit)

445 322 647 362 sententia
681 321 939 374 potissimum
974 323 1131 362 soi-niae
1166 323 1387 373 inserviam
1433 325 1473 364 in
1512 339 1592 379 qua
1635 325 1758 366 ador-v

447 399 583 440 nanda
607 413 684 453 pro
711 396 1030 453 sophisticarum
1048 400 1262 441 literarum
1289 400 1449 450 indole,
1484 404 1761 458 praecipuum

445 476 657 531 scriptoris
683 476 903 517 consilium
930 477 1085 532 expleri
1109 478 1283 520 videtur.

505 557 652 612 Neque
684 570 731 596 eo
754 554 919 608 judicio
947 557 1071 610 plane
1099 557 1340 598 eximendus
1372 565 1431 598 est
1455 558 1585 608 alter,
1633 571 1760 612 quem

443 633 644 684 diximus,
679 632 803 682 liber,
823 632 1108 674 Anacharsis
1131 634 1370 688 inscriptus.
1405 634 1610 690 Gymnica
1635 635 1761 677 ratio.

444 726 570 768 quam
602 712 729 752 Solon
763 712 807 752 in
842 727 890 752 eo
929 711 1143 766 colloquio
1173 711 1313 753 Attica
1337 727 1432 753 eum
1458 712 1695 753 urbanitate
1724 720 1761 752 et

444 790 580 831 ironia
616 788 786 830 miranti
822 789 912 843 ejus
942 789 1245 831 absurditatem
1278 790 1475 847 Scythico
1505 789 1658 845 hospiti
1695 805 1763 831 ex-

444 869 589 924 ponit,
622 868 796 909 Luciani
841 875 1028 922 tempore
1069 869 1126 908 ita
1156 868 1483 924 degeneraverat
1507 877 1547 909 ct
1571 867 1762 909 inathle-

446 949 568 993 ticam
622 947 806 1002 abierat,
860 954 907 987 ut
947 947 1164 1002 pristinam
1209 947 1301 1003 ejus
1342 957 1537 989 naturam
1579 947 1703 987 multi
1742 962 1763 988 e

445 1027 618 1068 Graecis
637 1025 725 1080 jam
756 1040 907 1080 parum
936 1025 1296 1080 adsequerentur,
1331 1025 1435 1081 quin
1464 1026 1546 1066 imo
1577 1025 1764 1081 aequalis

445 1105 575 1146 nostri
591 1105 778 1147 Galenus
796 1105 1034 1144 universam
1059 1104 1351 1159 palaestricam
1370 1111 1501 1145 artem
1524 1104 1618 1145 data
1638 1118 1762 1158 opera

443 1183 707 1224 acerbissime
750 1182 1080 1239 impugnandam
1121 1182 1332 1222 censuerit
1382 1189 1409 1221 ¹.
1472 1182 1562 1222 Non
1608 1181 1763 1235 impro-

445 1262 596 1303 babilis
630 1261 730 1302 ind-e
764 1261 906 1316 opinio
938 1264 952 1286 2
983 1267 1070 1311 est,
1106 1260 1149 1300 in
1182 1259 1399 1301 crebriore
1431 1258 1520 1312 ejus
1567 1258 1764 1300 materiae

444 1340 778 1394 disceptatione,
829 1353 957 1394 quam
996 1338 1174 1392 hujusce
1223 1339 1379 1393 scripta
1423 1337 1536 1392 apud
1584 1337 1765 1378 Graecos

444 1419 734 1470 suscitassent,
752 1418 939 1459 Luciano
969 1417 1328 1473 opportunitatem
1347 1416 1547 1458 exstitisse
1566 1449 1576 1466 ,
1610 1427 1658 1458 ut
1686 1414 1765 1456 hac

445 1498 730 1553 disputatione
774 1497 956 1539 rationes
1009 1502 1384 1545 commonstraret,
1432 1495 1586 1550 quibus
1630 1508 1762 1550 aequa

446 1577 534 1631 ejus
560 1576 809 1631 dijudicatio
836 1575 1014 1616 maxime
1043 1575 1208 1615 institui
1235 1582 1389 1629 posset.
1412 1576 1462 1615 Et
1492 1590 1589 1615 sane
1607 1582 1764 1630 quanto

445 1657 705 1712 praeclarius
731 1656 941 1697 Lucianus
968 1669 1095 1710 quam
1113 1654 1244 1709 ipsius
1272 1653 1468 1709 aequales
1493 1668 1541 1695 ea
1559 1654 1600 1694 in
1620 1668 1762 1694 caussa

446 1736 594 1777 veteris
625 1735 715 1777 aevi
739 1734 923 1775 indolem
965 1733 1227 1787 perspexerit
1269 1732 1442 1789 egregio
1470 1730 1538 1771 hie
1562 1731 1670 1772 liber
1695 1731 1764 1772 do-

445 1821 643 1856 eumento
672 1822 752 1856 est.

503 1892 697 1947 Corporis
726 1891 1067 1932 exercitationem
1090 1905 1135 1931 cx
1166 1891 1252 1943 ipsa
1284 1892 1471 1932 Graecae
1504 1889 1767 1944 antiquitatis

443 2091 628 2120 celebrarent
646 2100 735 2128 quam
755 2090 820 2129 ejus
839 2100 927 2128 opera
950 2097 1152 2130 praestarent,
1173 2103 1233 2120 non
1253 2092 1419 2130 comparari
1439 2092 1469 2121 id
1488 2097 1582 2130 potest
1603 2102 1668 2121 cum
1688 2101 1748 2121 aeci

442 2149 535 2177 hitate
547 2170 554 2183 ‚
581 2157 641 2186 qua
668 2151 768 2184 postea
787 2146 858 2175 Luc.
882 2146 911 2175 in
930 2157 975 2184 pr.
992 2147 1023 2176 in
1042 2147 1232 2185 philosophis
1253 2148 1422 2177 mendacem
1435 2147 1584 2177 amicitiae
1603 2148 1727 2186 speciem
1741 2154 1766 2176 e!

443 2202 731 2233 rommmtdationem
750 2202 866 2231 notavit
889 2203 989 2244 (Cous,
1011 2203 1089 2234 Pisc.
1109 2202 1167 2241 35J
1191 2202 1251 2239 363
1281 2204 1403 2236 Timon.
1425 2216 1449 2233 c.
1471 2202 1534 2243 56,
1555 2204 1618 2239 57;
1638 2203 1763 2233 Icarom.

442 2272 467 2289 n.
495 2258 573 2300 31),
616 2264 645 2287 et
672 2258 819 2296 Muesippi
850 2258 1013 2296 disputatio
1046 2270 1111 2288 eain
1138 2259 1230 2298 ipsam
1258 2259 1516 2298 reprehensionem
1546 2258 1707 2298 redarguit.
1745 2260 1764 2288 15.

441 2315 538 2345 libelli
561 2314 667 2344 habitu
687 2320 715 2343 et
733 2325 748 2343 e
770 2326 794 2346 e.
828 2313 868 2352 9,
896 2314 942 2346 Cl.
969 2315 1093 2344 Geelius
1118 2315 1253 2354 colligit:
1276 2315 1453 2344 Lue.ridere
1465 2314 1758 2353 illosphilosophns.

440 2372 491 2408 qui
510 2371 608 2401 sterili
630 2370 764 2400 oratione
780 2381 877 2409 neque
896 2372 1098 2409 exemplorum
1119 2372 1285 2401 luminibus
1302 2372 1434 2411 illustri,
1451 2372 1487 2401 de
1510 2371 1669 2401 amicorum
1692 2371 1755 2400 offi-

440 2428 494 2457 etia
513 2433 669 2466 praecepta
684 2427 800 2457 darent.
827 2427 909 2459 Bibl.
932 2427 1006 2457 Crit.
1025 2426 1100 2457 Nov.
1122 2427 1193 2459 vol.
1211 2427 1265 2468 II,
1286 2439 1313 2466 p.
1337 2427 1412 2458 114.

486 2502 495 2523 ¹
525 2504 612 2534 Conf.
649 2503 765 2543 Pauly,
794 2502 913 2543 Proleg.
940 2503 972 2533 in
1002 2503 1032 2533 h.
1069 2503 1139 2533 libr.
1173 2503 1244 2534 edit.
1277 2515 1305 2543 p.
1337 2503 1430 2533 XVII
1453 2512 1518 2542 sqq.
1556 2502 1692 2534 Galenus
1723 2505 1758 2532 ad

446 2558 576 2598 Thrasyl.
595 2571 620 2588 c.
640 2558 677 2589 41
697 2558 915 2590 -σκάπτειν
946 2560 1006 2589 καὶ
1033 2560 1194 2605 θερίζᾱιν
1223 2572 1255 2594 κ.
1281 2573 1314 2591 τ.
1348 2560 1377 2590 λ.
1408 2560 1551 2591 ἅπαντά
1583 2572 1622 2591 τε
1646 2559 1758 2591 τᾶλλα*

442 2612 533 2642 aar&
559 2613 659 2649 vivum«
685 2613 903 2654 ἐργάζεσθαι
923 2618 1083 2656 κρεῖττον
1109 2614 1129 2654 ἢ
1151 2615 1242 2645 κατὰ
1261 2614 1483 2656 παλαίστραν
1501 2615 1742 2656 γνμνάζεσθην

485 2687 496 2707 '2
529 2686 681 2716 lVielziudi
697 2711 704 2721 ,
731 2687 782 2716 Th.
809 2686 869 2726 IV,
888 2688 916 2717 S.
940 2686 1003 2717 233
1025 2699 1105 2727 seqq.
1135 2700 1220 2726 quem
1244 2690 1376 2729 sequitur
1399 2688 1497 2718 Lotum
1521 2689 1549 2717 in
1573 2690 1626 2718 lib.
1648 2701 1696 2726 :urg
