2013 3496
1089 204 1142 241 50

511 330 695 372 Omnino
712 362 721 378 ,
752 327 866 382 quod
897 327 1057 384 alioqui
1087 328 1335 384 neutiquam
1359 328 1639 382 improbabile
1665 339 1777 372 erat.

451 426 471 448 a
505 409 688 449 Luciano
705 439 716 462 7
733 403 917 460 juvenili
943 413 1103 457 aetate,
1139 405 1306 447 satirica
1331 406 1454 446 etiam
1480 407 1637 462 scripta
1663 423 1776 450 eom-

450 487 584 542 posita
619 486 772 536 fuisse,
802 485 845 525 id
875 485 1047 541 quiden]
1077 501 1097 526 e
1127 485 1300 526 servatis
1335 485 1425 538 ejus
1458 487 1657 540 operibus
1693 502 1777 528 non

449 564 756 619 comperimus,
793 570 922 619 atque
951 579 994 605 ea
1026 564 1166 613 etiam,
1198 578 1322 620 quae,
1352 570 1398 604 ut
1427 565 1676 619 Navigium,
1707 567 1775 607 Sa-

449 642 654 693 turnalia,
688 641 924 692 Parasitus,
959 641 1144 681 Deorum
1188 649 1228 682 et
1263 641 1549 682 Meretricium
1591 642 1779 699 dialogi,

448 728 622 775 propter
655 720 871 760 mitiorem
905 720 1156 761 sententiam
1186 720 1247 760 vel
1281 720 1481 761 leviorem
1509 720 1656 774 jocum
1681 722 1775 763 reli-

448 798 543 855 quis
577 797 720 852 priora
761 798 890 838 fuisse
921 797 1055 838 videri
1097 805 1319 852 poterant,
1356 806 1494 840 tamen
1533 800 1586 840 ab
1620 800 1777 841 otiante

447 875 637 930 profecta
665 890 751 917 esse
781 883 981 930 apparet,
1011 876 1166 930 partim
1192 876 1285 916 aliis
1316 876 1509 927 indiciis,
1530 878 1684 931 parlim
1707 891 1776 918 co-

446 956 558 997 mico
590 955 750 1012 dialogi
782 970 963 1012 genere,
999 955 1043 996 in
1074 956 1187 1012 quod
1221 956 1367 997 relicta
1405 957 1589 997 oratoria
1616 956 1776 1011 profes-

447 1035 561 1075 sione
588 1049 686 1076 eum
712 1034 956 1074 incubuisse
982 1033 1114 1087 ipsius
1142 1034 1185 1074 in
1207 1034 1276 1074 Bis
1308 1034 1511 1075 accusato
1539 1035 1776 1076 testimonio

447 1121 624 1156 constat.

505 1269 674 1310 Diutius
716 1270 963 1311 commorati
993 1284 1135 1310 sumus
1177 1270 1221 1310 in
1261 1269 1532 1310 recensendis
1561 1268 1777 1323 prioribus

447 1349 618 1389 Luciani
655 1348 845 1403 seriptis,
881 1349 983 1403 quia
1005 1382 1014 1397 ‚
1051 1346 1247 1404 neglecta
1279 1347 1492 1389 rhetorica
1533 1362 1676 1389 eorum
1711 1349 1778 1388 in-

444 1428 566 1479 dole,
601 1426 809 1480 ejusmodi
840 1442 892 1468 ex
919 1427 970 1467 iis
996 1427 1172 1467 Luciani
1203 1427 1452 1467 sententiae
1481 1434 1522 1468 et
1545 1425 1777 1466 scribendi

442 1506 642 1546 consilia
675 1505 863 1546 derivata
895 1506 1071 1546 suerunt
1093 1537 1102 1555 ‚
1137 1520 1246 1560 quae
1277 1506 1432 1560 partim
1469 1519 1552 1545 non
1589 1505 1776 1545 Luciano

441 1585 573 1641 magis
606 1598 735 1640 quam
761 1584 834 1624 alii
866 1584 1000 1624 cuivis
1018 1617 1027 1635 ‚
1052 1584 1207 1639 partim
1231 1584 1303 1624 alii
1336 1583 1470 1623 cuivis
1496 1583 1629 1639 magis
1648 1596 1775 1640 quam

443 1663 628 1703 Luciano
655 1663 829 1717 propria
858 1670 970 1704 sunt.
1004 1663 1052 1703 In
1074 1663 1189 1703 tanta
1211 1677 1331 1712 vero,
1362 1661 1520 1719 quanta
1544 1661 1776 1717 gaudemus

442 1741 724 1796 posteriorum
765 1740 943 1780 Luciani
985 1740 1240 1794 scriptorum
1284 1740 1429 1794 copia,
1463 1740 1645 1781 nolimus
1674 1753 1774 1780 sane

442 1820 483 1861 id
506 1819 812 1876 agere‚‘quod
840 1834 863 1858 a
892 1818 1134 1873 scriptionis
1165 1817 1295 1871 hujus
1328 1818 1522 1858 instituto
1555 1825 1774 1872 praeterea

441 1898 629 1939 alienum
660 1898 794 1948 foret,
830 1904 878 1937 ut
909 1895 1164 1938 Luc-immas
1197 1895 1429 1935 scribendi
1458 1896 1652 1935 virtutes
1688 1895 1772 1934 sin-

444 1976 621 2031 gulatim
650 1976 695 2016 in
723 1975 841 2016 hisee
878 1976 1184 2030 pei-lustremus
1213 1981 1286 2015 aut
1317 1974 1465 2015 crebra
1498 1974 1541 2014 in
1576 1973 1625 2013 iis
1665 1972 1774 2013 desi-

444 2068 574 2110 gnare
596 2054 771 2110 vestigia
799 2068 1002 2094 conemur
1036 2053 1151 2093 illius
1176 2052 1450 2109 antiquorum
1485 2051 1773 2106 exemplorum

442 2132 590 2183 studii,
616 2131 737 2186 cujus
768 2139 926 2189 quanta
957 2131 998 2171 in
1025 2131 1184 2184 juvene
1212 2131 1399 2171 Luciano
1426 2130 1651 2186 diligentia
1680 2130 1773 2170 fue-

444 2212 522 2262 rit,
563 2211 801 2267 quantique
832 2219 975 2266 postea
1002 2211 1054 2251 ab
1085 2225 1132 2251 eo
1159 2209 1383 2250 efficacitas
1402 2207 1545 2250 habita
1574 2208 1648 2257 sit,
1677 2222 1772 2248 mox

443 2290 561 2331 locus
593 2290 673 2331 erit
699 2290 837 2345 ipsum
867 2296 1174 2331 asseverantem
1198 2287 1414 2328 audiendi.
1451 2284 1689 2340 Deperditis
1707 2284 1772 2324 vel

443 2369 495 2410 ab
532 2369 623 2423 ipso
665 2383 750 2409 non
790 2367 911 2408 editis
944 2366 1072 2422 longe
1111 2363 1324 2422 plerisque
1355 2363 1596 2419 sophisticis
1641 2362 1772 2403 nostri

444 2446 642 2502 operibus
661 2479 670 2497 ‚
711 2445 898 2486 dubitari
937 2444 1067 2499 possit
1097 2458 1200 2484 num
1230 2458 1250 2484 e
1285 2443 1456 2484 servatis
1487 2441 1583 2482 satis
1614 2439 1769 2494 proba-

443 2524 585 2565 biliter
624 2523 885 2565 rhetoricum
921 2522 1010 2576 ejus
1053 2521 1367 2572 characterem,
1404 2521 1478 2576 qui
1510 2519 1696 2568 dicitur,
1730 2526 1771 2559 et

444 2601 592 2642 merita
626 2616 797 2642 censere
833 2601 973 2641 liceat.
1008 2600 1312 2643 Verumtamen
1357 2599 1400 2638 in
1438 2597 1512 2647 ea,
1548 2611 1633 2652 qua
1663 2610 1768 2651 pau-

444 2680 557 2722 ciora
584 2679 742 2721 haecce
776 2681 885 2721 inter
902 2695 944 2720 se
970 2679 1167 2721 distincta
1204 2676 1560 2734 sunt7varietate‚
1595 2689 1766 2731 quaque
