2013 3496
921 220 973 258 77,

282 359 302 382 α
316 343 467 385 Solehe
489 345 721 402 Uebungen
738 345 905 402 (nempe
921 345 1121 400 qualesin
1141 343 1389 385 Amorihus
1411 352 1451 385 et
1467 344 1593 384 Ana-

277 419 486 462 cham-ide
515 422 830 478 describuntur)
851 422 939 463 halt
968 423 1126 464 Lueian
1151 424 1301 463 seinen
1332 421 1589 479 Zeitgenos-

277 512 351 538 een
386 513 470 550 vor,
493 499 624 541 damit
656 501 715 542 sie
743 500 810 542 die
834 499 1003 556 Jugend
1029 500 1072 541 in
1099 499 1380 554 Verbindung
1407 500 1483 540 mit
1513 498 1587 540 der

278 600 330 607 —-
346 576 550 633 geistigen
572 577 812 633 Erziehung
840 576 954 618 stark
968 576 1055 617 und
1072 576 1228 633 kraftig
1256 574 1585 618 heranwachseu

275 653 451 694 lassen.»
466 655 576 694 -S.
605 655 682 695 32:
712 654 791 694 «Er
812 652 1034 709 verspraeh
1052 653 1141 694 sich
1159 668 1239 694 nur
1257 668 1335 694 von
1353 653 1469 694 einer
1488 652 1583 694 har-

275 729 524 772 monischen
544 731 812 787 Ausbildung
837 731 908 772 des
926 732 1086 773 Geistes
1104 730 1190 772 und
1206 730 1391 785 Korpers
1406 730 1474 773 die
1490 730 1583 771 bes-

273 818 343 850 ten
362 810 517 866 Folgen
534 810 603 850 fiir
620 809 687 850 die
705 809 966 866 Erstarkung
983 809 1058 851 der
1071 808 1325 850 Romuliden
1341 809 1477 849 seiner
1492 808 1583 849 Zeit

273 902 369 928 zum
399 888 588 929 Bessern.
605 903 627 927 »
660 887 784 928 Ilune
814 888 858 927 in
881 888 1027 941 primis
1056 893 1223 927 secutus
1241 887 1306 928 Fr.
1326 887 1518 936 Cramer,
1537 887 1579 926 in

270 965 528 1009 Gesehichte
563 967 637 1007 der
661 965 825 1006 Erzieh.
855 981 897 1008 u.
930 966 970 1008 d.
1006 966 1173 1008 Unterr.
1204 966 1261 1005 im
1294 964 1475 1006 Alterth.
1499 965 1577 1007 Bd.

267 1044 334 1095 ΙΙ,
363 1045 402 1085 S.
433 1046 542 1094 715,
578 1046 660 1087 718
680 1077 690 1095 ,
720 1044 941 1085 affirmavit
980 1043 1188 1085 dominari
1219 1044 1264 1084 in
1291 1043 1457 1097 seriptis
1497 1043 1578 1083 Lu-

268 1122 401 1164 ciani:
451 1122 560 1163 «die
603 1122 701 1163 Idee
741 1137 822 1163 von
860 1122 976 1162 einer
1002 1121 1337 1178 Wiedergeburt
1361 1121 1432 1162 des
1469 1122 1581 1177 grie-

269 1199 470 1242 chischen
499 1199 779 1248 Aherthums,
815 1199 959 1240 darell
991 1200 1088 1240 eine
1113 1201 1411 1256 zeitgemc'isse
1438 1198 1578 1256 Bege-

265 1281 473 1320 neration
504 1278 583 1319 der
605 1279 731 1318 alten
754 1276 1061 1334 griechischen
1091 1277 1400 1334 Erzz'elmnnq.»
1437 1278 1573 1331 Quam

264 1355 436 1410 quidem
472 1356 745 1406 sententiam,
785 1369 883 1396 eum
925 1355 1039 1406 aliis,
1080 1363 1168 1396 tum
1204 1353 1574 1397 Anarcharsz‘dis

262 1433 365 1474 locis
395 1433 641 1473 illustravit.

319 1513 372 1553 Ut
396 1518 536 1552 autem
558 1511 680 1552 aliter
707 1509 758 1551 de
794 1510 978 1551 Luciano
1008 1510 1252 1566 judicemus
1269 1544 1278 1562 ‚
1314 1526 1571 1567 quamquam

260 1590 487 1639 efficietur,
516 1590 560 1630 ni
592 1589 737 1640 fallor,
773 1589 861 1643 ipsa
891 1588 1172 1642 posteriorum
1200 1589 1290 1642 ejus
1314 1590 1570 1644 scriptorum

254 1667 555 1723 explicatione,
588 1674 727 1708 tamen
747 1699 756 1717 ,
783 1680 917 1721 quum
935 1665 1023 1720 jam
1053 1666 1162 1707 hane
1179 1667 1364 1722 priorem
1381 1667 1568 1722 disputa-

256 1746 377 1786 tionis
409 1752 572 1799 partem
613 1745 838 1798 separatim
878 1744 1073 1795 edamus,
1112 1745 1317 1786 nonnulla
1360 1744 1442 1786 hoc
1475 1747 1569 1787 loeo

255 1824 494 1865 adnotanda
529 1823 740 1865 videntur.

312 1903 522 1943 Lueianus
545 1902 578 1942 si
614 1901 728 1943 haud
764 1917 856 1943 raro
888 1902 933 1943 in
968 1901 1147 1943 satiricis
1174 1903 1260 1943 suis
1296 1904 1462 1958 scriptis
1491 1905 1570 1960 Cy-

256 1981 351 2021 nica
380 1995 521 2021 rerum
550 1978 831 2020 humanarum
856 1980 1136 2035 despicientia
1165 1996 1264 2022 usus
1286 1990 1370 2033 est,
1389 1989 1430 2023 et
1449 1997 1568 2023 verae

252 2059 459 2099 libertatis
487 2058 744 2099 effectricem
772 2073 863 2099 eam
890 2059 1078 2101 laudavit
1111 2059 1308 2117 (exempl.
1347 2060 1430 2102 vid.
1464 2061 1567 2102 insi-

255 2138 425 2194 gniora,
458 2138 502 2178 in
530 2137 695 2193 Dialog.
728 2137 848 2178 Mort.
879 2138 921 2188 I,
948 2138 1014 2189 II,
1042 2139 1099 2189 X;
1120 2139 1282 2193 Catapl.
1315 2152 1351 2180 e.
1386 2141 1435 2180 12
1455 2172 1464 2188 ‚
1488 2143 1564 2188 13,

254 2218 330 2267 153
373 2214 551 2257 Charon.
600 2229 637 2257 e.
682 2218 881 2268 15—20;
925 2215 1102 2257 Iearom.
1146 2231 1183 2258 c.
1223 2218 1246 2257 4
1265 2250 1275 2267 ,
1325 2219 1399 2268 173
1452 2220 1564 2260 conf.

252 2295 494 2336 Demonact.
524 2295 609 2337 Vit.
644 2309 679 2336 c.
715 2293 806 2350 20),
840 2296 1029 2351 profecto
1052 2296 1179 2337 unice
1205 2297 1364 2349 voluit,
1384 2299 1565 2354 conjun-

250 2380 357 2413 ctam
389 2387 473 2413 esse
502 2372 736 2413 libertatem
773 2387 871 2414 eum
907 2374 1037 2414 animi
1072 2374 1322 2430 ingeniique
1351 2376 1484 2418 cultu.
1516 2378 1563 2418 ln

252 2450 512 2505 explodenda
544 2451 716 2506 quidem
746 2452 990 2492 mortalium
1023 2453 1205 2494 vanitate
1229 2452 1377 2494 heroes
1400 2454 1565 2495 induxit

251 2529 456 2583 Cynicos,
487 2529 664 2569 mirifice
701 2544 793 2570 vero
822 2531 1000 2584 explosit
1031 2532 1075 2572 in
1108 2532 1157 2572 iis
1189 2532 1288 2587 ipsis
1321 2533 1560 2576 inhumani-

251 2615 374 2648 tatem
406 2616 445 2649 et
479 2608 766 2651 ἀπαιδευσίαν
801 2608 900 2663 (vid.
931 2609 1017 2652 Vit.
1049 2610 1173 2653 Auet.
1212 2626 1248 2653 c.
1283 2614 1359 2663 10,
1401 2615 1481 2653 11:
1513 2616 1560 2655 ‹Ji›

253 2691 330 2738 γάρ
373 2703 433 2729 σοι
467 2689 602 2741 δεήσει
645 2690 844 2736 παιδείας
886 2706 922 2729 κ.
955 2707 989 2730 τ.
1013 2688 1089 2745 λ.).
1125 2690 1215 2731 Non
1250 2691 1291 2731 in
1333 2690 1558 2744 sophisma-1
