2013 3496
1042 258 1094 297 28

413 379 568 422 Suidae
597 381 879 422 testimonium
913 396 1007 422 euin
1049 385 1097 424 iis
1129 386 1348 427 conciliari
1384 387 1541 440 possint
1578 394 1603 428 ¹.
1641 387 1730 427 Non

416 459 552 511 potuit
577 459 785 500 Luc-ianus
819 459 861 499 in
895 459 977 501 Bis
1013 466 1238 504 ,decusato
1281 464 1551 505 Rhetorieam
1586 465 1640 504 ita
1675 464 1731 504 lo-

414 544 614 590 quentem
634 536 862 588 inducere,
888 546 933 579 ut
958 542 1196 581 memoratis
1220 542 1465 593 itineribus,
1496 556 1605 596 quae
1630 556 1733 582 uxor

414 614 564 655 marito
598 629 673 655 suo
703 629 779 669 per
808 616 969 657 Ioniam
988 651 997 668 ,
1030 626 1069 659 et
1093 620 1316 660 Graeciam
1341 620 1481 660 facere
1511 619 1736 660 concessis-

415 698 503 740 set,
538 690 692 732 deinde
720 692 847 747 plane
883 694 1032 735 omissa
1069 697 1152 737 tota
1189 697 1232 736 in
1256 697 1422 754 Syriam
1451 696 1704 753 migratione
1724 729 1733 745 ‚

416 777 750 823 conquereretur
787 772 1098 828 navigationem
1137 788 1159 813 a
1202 775 1380 816 Graecia
1415 775 1460 815 in
1481 774 1646 816 Italiam
1680 774 1738 814 fa-

416 853 546 894 etam,
565 847 685 902 quasi
701 846 782 888 hoc
800 847 969 889 demum
985 851 1183 891 remotius
1198 852 1278 892 iter
1291 853 1472 894 fecisset.
1494 853 1580 893 Nec
1595 865 1737 892 rursus

415 925 447 963 si
471 924 723 967 Antiochiae
754 926 927 981 quidem
958 942 1122 969 caussas
1154 937 1333 980 orasset,
1377 945 1453 985 per
1482 937 1610 971 totam
1643 943 1738 969 vero

418 994 625 1057 reliquam
657 1004 782 1044 vitam
813 1013 854 1045 et
885 1005 928 1045 in
959 1006 1058 1060 ipsis
1097 1007 1356 1048 Graecorum
1387 1007 1521 1049 oculis
1556 1006 1737 1062 sophista

418 1087 581 1121 tantum
612 1081 782 1133 fuisset,
812 1083 1045 1137 probabilis
1063 1085 1168 1140 fingi
1193 1100 1338 1126 caussa
1366 1093 1556 1142 poterat,
1591 1100 1668 1126 eur
1698 1084 1740 1124 in

418 1157 657 1199 Piscator-e
681 1159 857 1201 Athenis
884 1161 1179 1203 reviviscentes
1196 1162 1461 1218 philosophi,
1496 1178 1629 1218 quum
1666 1164 1742 1203 Lu-

417 1236 587 1277 cianum
605 1251 723 1276 reum
752 1246 928 1294 agerent
956 1247 1130 1293 propter
1159 1240 1414 1294 scriptorum
1434 1255 1566 1297 genus
1584 1273 1594 1291 ,
1628 1239 1741 1294 quod

418 1330 552 1369 paene
583 1316 949 1372 quadragenarius
978 1318 1149 1360 demum
1195 1319 1497 1371 inchoaverat,
1550 1317 1653 1360 huic
1686 1319 1744 1359 fo-

422 1394 529 1435 rensi
552 1396 720 1436 muneri
744 1403 905 1436 tantum
931 1396 1188 1446 tribuerent,
1215 1405 1260 1437 ut
1276 1405 1451 1452 propter
1466 1396 1575 1438 illud
1591 1411 1746 1438 memo-

420 1480 560 1513 rarent
594 1472 683 1526 ejus
720 1477 765 1516 ἐν
804 1480 891 1521 τοῖς
926 1474 1215 1529 δικαστηρίοις
1246 1475 1534 1528 εὐδοκιμήσεις
1556 1487 1588 1525 ²,
1625 1475 1746 1530 quasi

419 1552 471 1592 ab
496 1552 546 1592 iis
567 1553 803 1593 recessisset
824 1560 870 1592 ut
898 1553 942 1593 in
971 1553 1081 1607 ipsos
1101 1554 1305 1608 impetum
1326 1569 1448 1594 suum
1467 1561 1744 1594 converteret.

477 1630 612 1670 Simul
642 1630 801 1671 iccirco
827 1629 1101 1683 rejiciendam
1125 1646 1343 1671 censemus
1370 1645 1461 1671 eam
1483 1631 1745 1686 opinionem,

418 1716 552 1749 ortam
584 1723 606 1749 e
631 1708 769 1749 studio
799 1708 1059 1749 conciliandi
1095 1709 1267 1750 Suidam
1299 1724 1396 1750 cum
1427 1709 1593 1764 scriptis
1622 1710 1750 1751 Luci-

418 1787 532 1827 ancis
550 1819 561 1837 ,
598 1787 718 1842 quasi
747 1786 837 1840 jam
869 1787 1096 1828 admodum
1116 1788 1288 1842 juvenis
1306 1788 1519 1828 Lucianus
1542 1787 1748 1842 peculiari

419 1864 603 1919 quadam
641 1872 681 1905 et
730 1879 934 1921 generosa
977 1865 1106 1905 animi
1154 1866 1426 1907 conversione
1475 1881 1498 1905 a
1544 1866 1749 1920 perversis

418 1943 661 1997 aequalium
688 1944 847 1984 artibus
878 1943 929 1983 ad
960 1943 1252 1998 philosophiae
1288 1944 1475 1984 studium
1520 1960 1562 1984 sc
1597 1952 1751 1985 contu-

419 2021 532 2060 lisset
551 2053 560 2067 ,
589 2029 764 2076 propter
786 2028 1080 2076 paupertatem
1102 2021 1210 2061 illud
1244 2021 1445 2062 duntaxat
1474 2036 1569 2062 cum
1602 2021 1750 2063 rheto-

466 2206 473 2226 ¹
506 2206 573 2235 ²lam
591 2206 795 2245 wiolaudus,
822 2207 877 2236 Th.
902 2207 980 2246 l‚S.
1005 2206 1123 2245 YH,01
1147 2207 1194 2237 Fr.
1217 2207 1253 2236 G.
1276 2207 1428 2244 Schoenc,
1452 2206 1523 2235 Luc.
1549 2205 1657 2233 'l'raum
1677 2209 1748 2234 cett.

420 2262 511 2292 llalle
534 2261 637 2301 1838,
662 2264 691 2292 ὅ.
716 2263 746 2293 5.
774 2274 956 2302 quamquain
990 2268 1129 2291 statuunt
1158 2262 1325 2291 Lucianum
1350 2262 1496 2301 peculiari
1516 2261 1642 2299 quadum
1667 2259 1749 2289 Vitae

420 2318 602 2357 consiliique
622 2319 790 2347 mutatione
810 2331 825 2348 a
849 2319 963 2348 caussis
983 2319 1118 2347 <licendis
1141 2320 1177 2347 ad
1195 2319 1405 2347 scholastimnn
1425 2315 1630 2356 eloquentiam
1651 2321 1749 2344 trans-

421 2377 506 2414 iisse,
528 2382 628 2405 tamen
649 2386 739 2414 quum
760 2376 960 2405 canssidienm
981 2386 1048 2403 eum
1073 2375 1165 2403 fuisse
1190 2380 1293 2412 pntent
1316 2374 1347 2403 in
1369 2373 1493 2404 Graecia
1514 2379 1541 2402 et
1556 2371 1628 2401 Asia
1641 2370 1750 2399 Suidae

422 2432 624 2461 testimonium
660 2432 750 2460 tacite
782 2432 933 2469 rejiciunt.
970 2430 1108 2459 l'nanlxius
1144 2430 1273 2469 (lenique
1308 2431 1338 2459 in
1377 2430 1546 2460 doctissima
1590 2433 1749 2457 comment.

424 2489 531 2517 Pollux
562 2493 591 2516 et
624 2488 775 2517 Lucianus
805 2488 948 2525 inscripta
969 2499 995 2525 1».
1018 2486 1078 2518 26,
1099 2489 1227 2517 strictim
1251 2489 1366 2517 notavit
1392 2488 1554 2517 anianum
1578 2496 1670 2515 «non
1690 2491 1748 2515 tam

426 2544 602 2574 *Xntioehiae
613 2544 809 2582 quodsuidas
820 2544 1009 2572 aii-liniam
1022 2544 1113 2583 liujus
1128 2544 1248 2572 lan-iani
1263 2556 1327 2572 euin
1342 2543 1451 2573 seriore
1473 2543 1526 2571 illo
1537 2564 1544 2576 ,
1565 2541 1619 2579 qui
1631 2540 1750 2570 Juliani

421 2607 518 2629 aetate
543 2601 663 2630 vivebat
690 2601 924 2629 commutatione
944 2602 1021 2629 sai-ta
1044 2601 1073 2629 in
1093 2612 1219 2629 eruut-in
1244 2601 1419 2639 vonjcctus,
1436 2618 1472 2622 ·-
1489 2609 1577 2637 quum
1598 2597 1748 2635 Athenis.

421 2655 529 2685 missa
554 2657 829 2685 cuvsst'dioorum
852 2662 948 2696 (triv,
973 2657 1016 2685 md
1038 2657 1239 2685 .·:‹.·›v'l·vn[l0.<
1263 2656 1422 2692 dialngm
1443 2655 1648 2684 acernuvisse.
1666 2666 1680 2682 »

471 2729 484 2744 ³
518 2732 624 2760 Vincat.
652 2743 674 2760 r.
697 2731 747 2760 ’,ἶ-ἶ.
