2013 3496
876 222 929 260 79

237 349 361 388 risnio
394 348 556 403 Nigrini
588 355 862 389 memoratum
898 347 1085 388 videmus
1107 343 1547 397 exercitiorumjus-

235 431 331 466 tum
373 425 423 464 ‘in
466 441 510 467 eo
554 426 763 467 modum:
804 442 920 467 «non
962 440 1156 480 parva,»
1199 423 1366 478 inquit,
1405 420 1545 461 «hacc

234 503 409 558 praebet
452 504 604 545 imitari
650 505 886 546 volentibus
937 503 1155 558 exempla,
1203 501 1339 541 victus
1384 498 1547 539 scilicet

232 580 541 636 frugalitatem>
583 584 669 625 Τῶν
699 581 944 636 γυμνασίων
973 585 1019 623 τὸ
1064 585 1321 634 σύμμετρον,
1365 575 1545 634 (Nigrin.

233 673 269 699 c.
301 657 398 714 26);
436 659 734 701 Demonactcm
770 658 1072 714 philosophum
1111 656 1281 705 laudat,
1316 653 1429 712 quod
1463 667 1545 694 non

232 736 388 790 illotis,
421 737 533 793 quod
566 737 704 786 aiunt,
734 737 937 790 pedibus,
973 736 1043 777 sed
1074 735 1205 776 literis
1234 732 1548 774 dcmuminnu·

232 814 353 854 tritus
399 813 686 869 philosophari
728 829 919 871 agressus
949 815 1123 863 fuisset,
1156 810 1376 865 subjungit
1408 817 1546 850 autem

232 894 304 932 καὶ
333 894 380 931 τὸ
409 894 526 944 σῶμα
546 893 590 933 δὲ
626 895 937 945 ἐγεγύμναστο,
968 895 1041 932 καί
1067 893 1169 945 πρὸς
1193 889 1419 944 καρτερίαν
1461 888 1548 929 διε-

234 972 450 1022 πεπόνητο
485 969 584 1026 (Vit.
615 968 788 1009 Demon.
822 982 858 1009 c.
891 966 955 1023 4).

295 1046 455 1088 Verum
504 1045 738 1087 cavendum
785 1060 837 1086 ne
887 1045 985 1087 inde
1040 1044 1296 1093 efficiamus,
1342 1042 1548 1084 studuisse

243 1123 501 1176 Lueimum,
541 1131 587 1164 ut
629 1124 714 1165 sivo
744 1123 993 1165 educatione
1024 1122 1136 1177 apud
1171 1121 1368 1176 aequales
1400 1119 1546 1175 infor-

243 1201 412 1242 mandd
459 1203 712 1244 instauraret
760 1202 1078 1257 antiquitatem,
1120 1200 1205 1241 sive
1250 1197 1549 1240 restituendi-s·

238 1281 511 1338 gymnasticis
551 1281 758 1321 exercitiis
803 1280 1070 1334 depravatam
1107 1279 1366 1320 Graecorum
1397 1284 1437 1317 et
1470 1278 1551 1317 Ro-

235 1374 453 1402 manorum
489 1359 736 1415 progeniem
769 1358 821 1399 ad
858 1359 1076 1399 meliorem
1112 1358 1280 1412 frugem
1312 1355 1548 1397 reduceret.

236 1439 293 1479 Ne
329 1439 439 1479 enim
473 1438 685 1487 dicamus,
720 1451 922 1492 apparere
956 1437 1080 1491 plane
1105 1451 1126 1477 c
1152 1436 1340 1490 scriptis,
1379 1435 1422 1475 in
1456 1435 1549 1489 qui-

237 1518 314 1557 bus
352 1516 589 1566 Lucianus‚
636 1515 785 1556 relicta
825 1514 1077 1569 sophistica,
1122 1528 1257 1554 mores
1305 1512 1549 1567 aequalium

239 1594 492 1649 descripsit,
521 1593 644 1633 nimis
686 1606 781 1633 eum
821 1592 872 1633 de
920 1592 1063 1632 seculo
1092 1605 1166 1631 suo
1203 1590 1467 1644 desperasse,
1502 1595 1550 1628 ut

241 1673 519 1716 emendatoris
560 1678 699 1726 partes
729 1670 932 1726 potuisset
961 1670 1174 1724 suscipere
1212 1668 1311 1727 (vid.
1347 1667 1548 1708 luculen-

239 1759 301 1793 tos
335 1752 469 1792 locos:
511 1750 663 1791 Piscat.
706 1764 736 1789 S.
777 1748 922 1789 Reviv.
968 1762 1003 1788 e.
1049 1749 1129 1798 203
1173 1746 1233 1787 De
1262 1747 1392 1787 Morte
1428 1746 1552 1785 Pere-

238 1830 348 1886 grin.
384 1843 419 1869 c.
453 1831 527 1879 39;
558 1825 762 1868 Alexand.
794 1841 826 1866 s.
858 1825 1078 1866 Pseudom.
1099 1839 1134 1865 c.
1155 1826 1206 1866 45
1228 1857 1237 1875 ,
1277 1823 1377 1865 coll.
1398 1838 1435 1865 c.
1460 1820 1552 1878 55),

236 1907 362 1962 pauci
391 1904 617 1947 admodum
656 1903 700 1944 in
735 1902 824 1956 ejus
854 1902 1020 1956 scriptis
1051 1902 1135 1943 loci
1169 1909 1292 1952 sunt,
1326 1902 1370 1942 in
1399 1901 1553 1956 quibus

237 1985 323 2026 ulla
364 1985 410 2025 fit
451 1983 608 2024 mentio
655 1982 706 2023 de
753 1981 1034 2031 educatione,
1083 1995 1191 2035 quae
1242 1980 1372 2035 ipsius
1418 1985 1554 2020 aetate

239 2069 340 2103 erat.
388 2060 701 2101 Institutionem
742 2059 941 2114 quidem,
985 2074 1093 2115 quac
1124 2059 1176 2099 ab
1208 2057 1457 2114 aequalibus
1490 2071 1554 2097 so-

240 2138 388 2194 phistis
437 2137 776 2179 adolescentibus
829 2136 1019 2178 adhiberi
1074 2137 1260 2185 solebat,
1311 2143 1352 2177 et
1403 2135 1556 2176 acriter

240 2215 483 2271 perstrinxit
528 2221 568 2254 et
612 2214 786 2255 sanioris
826 2215 996 2255 rationis
1031 2215 1068 2255 ei
1106 2213 1337 2255 identidem
1369 2211 1558 2266 exempla

242 2294 458 2349 opposuit3
521 2307 667 2333 verum
711 2300 1008 2348 praeterquam
1051 2292 1165 2348 quod
1208 2292 1251 2332 in
1299 2305 1347 2331 co
1392 2288 1557 2345 agendo

240 2386 412 2413 suorum
454 2372 582 2426 ipsius
623 2370 858 2412 studiorum
896 2378 935 2412 et
976 2371 1194 2412 literarum
1235 2382 1422 2410 caussam
1456 2383 1554 2423 age-

242 2450 336 2500 bat,
371 2457 534 2490 tantum
567 2449 737 2499 aberat,
769 2457 816 2489 ut
848 2449 899 2490 dc
932 2448 1193 2490 emendanda
1230 2449 1303 2489 illa
1332 2446 1554 2501 disciplina

245 2528 354 2568 bene
386 2534 593 2581 speraret,
644 2534 690 2567 ut
730 2534 877 2568 contra
923 2525 1135 2580 sophistae
1178 2539 1353 2566 munere
1396 2525 1485 2579 ipse
1517 2539 1559 2563 se

246 2604 825 2647 abdicaverit—Caeterum
866 2605 909 2645 in
952 2605 1155 2660 Nigrino,
1198 2618 1234 2645 c.
1280 2605 1363 2657 27,
1402 2601 1560 2643 notavit

247 2683 468 2724 asceticam
522 2683 801 2737 quorumdam
855 2690 1176 2738 praeceptorum
1230 2682 1274 2722 in
1332 2680 1559 2735 discipulos
