2013 3496
864 237 914 254 *Δὶ

870 256 916 275 fr!

258 368 333 421 (τῷ
373 364 651 422 Πέρεγρίνῴ).
704 367 833 407 Recte
878 364 1173 406 animadvertit
1207 362 1388 411 Wetzl.‚
1430 375 1469 416 p.
1508 363 1560 407 7,

254 443 464 483 diversum
492 451 605 484 certe
638 443 678 485 h.
715 444 744 484 l.
780 443 857 482 iter
886 442 1115 497 significari
1148 441 1201 481 ab
1234 455 1306 491 eo,
1340 454 1424 494 quo
1458 439 1562 480 ado-2

254 521 413 561 lescens
443 521 626 575 primum
657 521 700 561 in
728 520 947 562 Graeciam
976 520 1108 571 venit;
1137 535 1158 560 e
1180 519 1247 559 Bis
1274 519 1426 559 Aecus.
1451 517 1563 558 enim

252 597 543 654 intelligimus,
557 598 1058 652 Lucianum,anteaquam
1072 597 1115 637 in
1131 596 1353 638 Graeciam
1367 595 1567 650 migraret

252 675 513 730 aliquamdiu
540 675 584 715 in
616 676 737 717 Jonia
769 674 1002 716 rhetoricae
1029 689 1200 729 operam
1220 673 1382 715 dedisse
1403 672 1458 730 (c.
1480 674 1533 714 27
1551 705 1560 719 ‚

256 756 346 806 περὶ
362 758 438 806 τὴν
455 754 634 797 Ἰωνίαν
651 757 826 810 εὑροῦσα
842 752 1373 808 πλαζόμενον-ἐπαίδευσα
1389 769 1472 793 κ.τ.
1486 749 1562 806 λ.);

252 831 410 871 idcirco
443 830 495 871 de
524 831 661 885 primo
690 831 735 871 in
765 831 896 885 ipsam
927 830 1149 873 Graeciam
1170 829 1352 871 adventu
1373 829 1564 870 dicturus

251 907 389 961 potius
412 907 570 949 fuerat:
599 911 667 951 ὁτὲ
697 901 800 961 ἧκον
829 908 910 950 ἀπ’
947 907 1174 954 Ἰωνίας.
1209 906 1418 956 Accedit,
1449 904 1562 960 quod

251 985 423 1025 verbum
442 986 577 1028 πάλαι
592 986 636 1026 in
652 986 823 1040 Peregr.
838 998 875 1027 c,
900 986 968 1033 43,
988 984 1124 1025 verbis
1152 984 1309 1025 laudat.
1328 998 1411 1024 non
1427 989 1564 1037 potest

249 1062 297 1103 ad
335 1069 541 1103 remotum
573 1070 736 1117 tempus
770 1062 939 1111 referri,
971 1062 1071 1116 quia
1100 1077 1184 1113 res⁹
1221 1076 1324 1116 quas
1351 1061 1486 1102 amico
1523 1075 1563 1099 se

250 1148 341 1194 post
373 1139 595 1182 adventam
624 1155 812 1182 narrasse
840 1140 919 1191 ait,
949 1154 1033 1180 non
1062 1138 1271 1193 ejusmodi
1297 1146 1393 1179 suut
1413 1172 1422 1189 ‚
1446 1145 1493 1178 ut
1513 1139 1561 1178 ad

251 1218 399 1259 veteris
443 1218 646 1273 colloquii
695 1217 938 1259 memoriam
983 1217 1035 1258 de
1084 1217 1134 1257 iis
1175 1231 1405 1271 provocare
1438 1216 1563 1257 facile

251 1295 467 1348 potuisset.
489 1297 654 1336 ——Non
690 1295 806 1337 aliud
835 1302 976 1335 autem
1009 1295 1087 1336 iter
1120 1308 1168 1335 eo
1206 1294 1298 1335 loco
1336 1293 1563 1350 significari

252 1372 438 1423 videtur,
481 1381 608 1429 atque
641 1373 711 1422 id,
749 1372 862 1427 quod
896 1372 938 1412 iu
985 1370 1247 1412 Alexandro
1287 1377 1563 1412 memoratum

252 1450 455 1503 videmus;
488 1450 531 1490 in
561 1464 674 1505 quo,
705 1464 838 1505 quum
873 1463 912 1491 e.
938 1453 1018 1499 55,
1049 1451 1102 1490 56
1122 1482 1130 1498 ,
1158 1463 1233 1503 per
1254 1448 1560 1503 Cappadociam

249 1536 288 1568 et
318 1527 648 1584 Paphlagoniam
679 1528 889 1569 Amastrin
914 1527 958 1568 in
988 1526 1227 1584 Bithyniam
1254 1526 1468 1581 profectus
1486 1526 1559 1569 sit,

246 1622 267 1646 e
295 1605 413 1662 Syria
454 1605 619 1646 videtur
648 1605 870 1647 Graeciam
902 1619 1042 1647 versus
1070 1603 1212 1652 ivisse,
1246 1617 1422 1658 eamque
1455 1603 1558 1642 viam

248 1682 408 1733 tenuit,
444 1696 528 1737 qua
569 1681 907 1723 commodissime
935 1680 1090 1722 deinde
1120 1695 1141 1720 e
1166 1680 1324 1721 Troade
1356 1680 1398 1721 in
1429 1680 1562 1720 Grae-

245 1760 351 1800 ciam
394 1758 602 1800 transvehi
637 1759 788 1813 potuit.
823 1760 910 1800 Hoc
940 1759 1071 1814 igitur
1094 1760 1199 1808 iter,
1225 1759 1256 1798 si
1284 1765 1380 1799 ante
1402 1773 1560 1799 annum

241 1837 378 1880 CLXV
412 1838 647 1891 perfectum
689 1844 776 1886 est,
808 1845 851 1876 ut
882 1837 1027 1891 perfici
1063 1837 1249 1892 potuisse
1272 1851 1398 1890 supra
1422 1837 1559 1891 expli-

243 1914 429 1955 cavimus
451 1947 460 1964 ‚
483 1923 618 1955 tamen
637 1946 646 1966 ‚
677 1928 809 1969 quum
838 1914 1038 1955 inciderit
1067 1913 1108 1954 in
1126 1914 1296 1955 ultimos
1314 1928 1443 1954 annos
1460 1927 1559 1968 pro-

244 1991 391 2045 phetae
432 1991 686 2041 Alexandri,
728 1992 802 2047 qui
850 1991 975 2033 etiam
1009 1991 1215 2047 flagrante
1252 1990 1558 2032 Marcomanico

243 2068 352 2108 bello
379 2068 600 2110 oraculum
632 2068 770 2121 dedit,
806 2083 888 2109 non
921 2068 1056 2109 multo
1082 2068 1200 2122 prius
1232 2066 1314 2109 hoc
1343 2082 1453 2108 anno
1471 2082 1557 2108 esse

243 2148 390 2200 potuit.
439 2148 578 2202 Atque
625 2148 702 2188 sub
747 2147 884 2202 ipsum
925 2147 1004 2188 hoc
1041 2153 1204 2201 tempus
1228 2146 1461 2187 Lucianum
1490 2148 1560 2188 iti—

243 2242 341 2268 nera
373 2227 520 2268 fecisse
548 2234 745 2281 apparet,
779 2226 821 2267 in
861 2227 1017 2284 Quom.
1056 2224 1177 2265 Hist.
1204 2224 1382 2268 Conse-r.
1410 2239 1448 2268 c,
1482 2227 1554 2275 14,

240 2319 333 2347 nam
365 2305 442 2345 sul»
476 2304 601 2346 finem
624 2302 807 2345 Parthici
842 2304 972 2348 belli,
999 2303 1024 2343 i.
1054 2318 1087 2344 c.
1111 2303 1281 2343 circiter
1305 2318 1342 2344 a.
1369 2303 1554 2350 CLXIV,

240 2392 323 2424 tam
358 2383 399 2423 in
440 2383 557 2424 Jonia
596 2396 725 2437 quam
763 2384 805 2423 in
838 2381 1013 2424 Graecia
1039 2385 1265 2437 scriptores
1294 2380 1424 2434 hujus
1454 2380 1553 2421 belli

238 2477 430 2516 praesens
458 2462 631 2504 audivit.
668 2463 879 2504 Samosata
914 2463 958 2503 in
986 2463 1109 2503 robus
1142 2461 1327 2503 Parthici
1354 2460 1454 2502 belli
1478 2461 1553 2501 ali-

236 2554 338 2594 quas
375 2549 511 2595 partes
556 2540 772 2588 hahuisse,
801 2556 837 2582 v.
880 2542 933 2581 24
967 2540 1172 2588 videmus,
1214 2547 1340 2594 atquc
1371 2554 1390 2576 e
1429 2554 1463 2580 (¹.
1504 2542 1553 2578 15

236 2619 436 2673 suspicari
469 2620 569 2660 lieet.
588 2653 596 2668 ,
625 2627 782 2674 pestem
810 2634 921 2667 eain,
949 2633 1057 2673 quae
1087 2620 1126 2659 in
1154 2619 1382 2674 Babylonia
1415 2626 1551 2659 exorta

243 2698 434 2752 (Capitol.
467 2700 506 2740 in
540 2700 580 2741 L.
619 2700 712 2742 Ver.
757 2715 792 2741 e.
827 2703 877 2745 8;
926 2699 965 2739 in
1004 2699 1052 2740 Μ,
1085 2699 1179 2740 Ant.
1217 2713 1249 2740 s:
1295 2698 1385 2753 13¹).
1415 2698 1549 2738 statim
