2013 3496
1030 234 1042 270 1
1056 234 1080 270 t)

395 361 526 416 posita
557 370 660 403 esset
694 362 734 401 in
776 362 875 401 salsa
920 361 1099 417 quadam
1145 368 1183 400 et
1225 360 1412 414 speciosa
1448 359 1715 416 eloquentiae

394 447 435 480 et
470 438 759 495 philosophiae
800 438 1106 492 eon-junctione
1140 438 1176 489 ¹,
1219 437 1443 478 eonsilium
1487 444 1626 478 autem
1669 451 1716 477 eo

394 520 652 575 pertineret,
692 525 736 558 ut
774 517 1003 559 commodis
1043 517 1126 557 suis
1155 516 1339 573 quisque
1366 515 1409 556 in
1439 515 1610 557 civitate
1632 514 1717 556 essi-

395 597 613 639 eaeissime
640 596 861 637 consulere
885 603 1023 650 posset
1053 593 1081 635 ².

453 675 536 716 Sed
565 674 715 715 horum
741 672 1020 729 sophistarum
1051 681 1273 728 postquam
1305 671 1402 713 vitia
1421 678 1462 711 et
1481 670 1719 727 philosophi

397 762 436 794 et
479 751 666 793 rhetores
705 757 988 801 notaverunt,
1040 758 1168 805 atque
1206 764 1289 791 una
1319 764 1417 791 eum
1459 748 1720 804 reliquarum

396 831 717 886 disciplinarum
745 829 990 871 doctoribus
1023 828 1138 869 velut
1174 841 1353 883 regnum
1392 827 1574 884 quisque
1600 841 1719 868 suum

396 915 786 962 recuperaverunt,
819 922 912 947 mox
947 907 1116 948 evanuit
1139 906 1301 963 gloria,
1331 906 1555 962 ipsumque
1571 919 1723 946 nomen

397 986 605 1028 contraxit
636 985 879 1037 infamiamg
910 985 1045 1027 donee
1076 985 1229 1026 sensim
1256 984 1517 1038 sensimque,
1544 983 1724 1024 maxime

396 1066 532 1120 primo
559 1071 652 1119 post
684 1063 780 1107 Chr.
811 1064 1004 1113 saeculo,
1041 1063 1195 1104 iterum
1225 1063 1297 1104 sed
1326 1061 1487 1102 mutata
1509 1061 1723 1117 significa-

398 1144 539 1193 tione,
592 1157 677 1182 una
730 1142 773 1181 in
827 1142 973 1196 paucis
1015 1141 1246 1184 honorifica
1286 1140 1434 1182 haberi
1471 1147 1619 1194 coepta
1663 1147 1726 1181 est

397 1221 605 1277 sophistae
631 1221 877 1276 appellatio.

456 1301 638 1343 Dicendi
657 1301 769 1343 enim
786 1315 870 1351 ars,
885 1315 1013 1357 quam
1031 1301 1194 1358 antiqui
1214 1300 1424 1356 sophistae
1450 1301 1679 1351 ἐπιδείξεσι
1711 1303 1724 1325 ³

398 1381 482 1421 suis
526 1379 832 1426 adhibuerant,
872 1393 894 1418 a
940 1377 1200 1420 rhetoribus
1233 1380 1387 1421 deinde
1431 1381 1598 1423 exculta
1643 1379 1726 1420 fuit

399 1467 439 1500 et
470 1459 621 1500 melius
657 1459 930 1499 conformata.
966 1457 1015 1498 In
1042 1458 1187 1511 primis
1217 1474 1264 1500 ex
1289 1473 1375 1515 quo
1401 1461 1631 1510 Isocrates,
1661 1473 1725 1500 so-

401 1538 632 1593 phistarum
673 1538 761 1593 ipse
794 1544 989 1578 strenuus
1020 1538 1312 1586 adversarius,
1351 1539 1610 1580 nobilissima
1653 1539 1727 1579 sua

400 1617 571 1668 schola,
605 1617 914 1657 institutionem
955 1618 1180 1658 oratoriam
1209 1634 1233 1659 a
1258 1618 1530 1659 contentiosis
1562 1626 1603 1659 et
1634 1616 1727 1673 phi-

399 1694 627 1751 losophicis
657 1695 833 1735 istorum
860 1694 1216 1750 disputationibus
1243 1695 1483 1749 sejunxerat
1512 1693 1543 1737 ⁴.
1579 1696 1729 1750 Itaque

401 1773 589 1815 constitit
624 1772 713 1827 jam
746 1773 909 1829 pridem
937 1772 1059 1826 juxta
1102 1773 1321 1828 politicam
1357 1780 1397 1814 et
1436 1772 1605 1814 civilem
1641 1773 1728 1813 elo-

401 1852 618 1910 quentiam
637 1851 718 1892 alia
736 1852 998 1905 ἐπιδεικτική
1016 1849 1030 1870 ⁵
1046 1886 1054 1902 ‚
1089 1866 1198 1908 quae
1227 1866 1311 1893 non
1329 1859 1414 1892 tam
1429 1852 1474 1893 in
1491 1866 1633 1893 rerum
1651 1865 1729 1893 usu

401 1940 442 1973 et
472 1932 648 1973 veritate
667 1964 675 1978 ,
701 1945 828 1988 quam
855 1931 897 1971 in
934 1931 1142 1972 oratoriae
1175 1932 1390 1973 facultatis
1428 1931 1731 1972 exercitatione

403 2021 443 2054 et
473 2011 752 2053 ostentatione
788 2011 1046 2052 versabatur.
1090 2010 1203 2051 Haec
1240 2018 1386 2064 postea
1422 2026 1464 2050 se
1501 2009 1652 2050 extulit
1692 2017 1732 2050 et

455 2138 468 2156 ¹
497 2141 582 2172 Conf¹
600 2139 796 2169 'l‘onnemann
811 2163 817 2175 ,
843 2140 951 2170 Gesch.
964 2141 1016 2169 «lor
1028 2139 1106 2171 Phil.
1123 2139 1177 2168 Th.
1195 2140 1203 2169 l
1226 2163 1233 2178 ‚
1246 2139 1264 2168 S
1277 2138 1339 2169 344
1352 2150 1417 2180 sqq.
1431 2150 1439 2175 3
1454 2139 1553 2169 Geelii
1563 2139 1640 2169 Hist.
1653 2139 1728 2171 Crit.

406 2196 537 2235 Sophist.
559 2207 588 2235 p.
608 2195 671 2235 67,
694 2196 815 2234 passim.

460 2262 474 2279 2
502 2261 582 2290 Plat.
604 2272 669 2289 cnm
683 2261 772 2299 Gorg.
796 2270 824 2297 p.
843 2258 924 2297 452,
940 2260 975 2289 D.
992 2265 1055 2288 tum
1074 2258 1193 2297 I'rotag.
1206 2269 1233 2296 p.
1247 2256 1368 2297 318,E.
1388 2257 1464 2288 319.
1482 2260 1519 2290 Α.
1544 2256 1730 2298 πολιτικὴν

406 2316 546 2358 τέχνην.
571 2317 658 2346 Conl'.
681 2316 791 2345 Stallb.
812 2315 979 2355 prolegom.
998 2316 1034 2344 ad
1058 2314 1228 2352 Uononem,
1248 2314 1320 2343 ⁷501.
1343 2313 1402 2346 VI,
1428 2314 1506 2344 Sect.
1526 2313 1578 2353 II,
1599 2324 1630 2351 p.
1653 2311 1685 2343 8.

452 2377 466 2399 3
490 2380 533 2409 De
555 2380 635 2409 vocis
656 2391 713 2409 usu
731 2380 810 2410 conf.
834 2379 915 2409 Plat.
928 2379 1018 2416 Gorg.
1042 2389 1070 2415 p.
1093 2377 1176 2413 417,
1197 2379 1234 2410 A.
1259 2377 1281 2406 B
1295 2400 1302 2415 ,
1316 2377 1467 2407 etstallb.
1486 2377 1588 2408 adnot.
1601 2377 1640 2407 ad
1649 2376 1729 2408 loc.:

408 2437 494 2476 Geel,
513 2437 535 2469 l.
554 2437 576 2467 l.
596 2447 662 2476 pag.
683 2435 725 2467 (34
747 2447 792 2475 sq.

451 2501 469 2522 4
497 2503 586 2533 Cons.
613 2502 664 2531 Dr.
685 2505 759 2535 Ant.
789 2501 1022 2533 Wcstormann,
1048 2499 1155 2529 (iosch.
1178 2500 1229 2529 der
1248 2499 1485 2530 Beredtsamkeit
1507 2497 1536 2527 in
1555 2496 1731 2527 Griechenl.

408 2569 439 2587 u.
463 2558 550 2588 Rom.
572 2557 627 2587 Th.
651 2557 687 2596 I,
707 2558 736 2587 S.
760 2556 811 2587 78.

459 2620 469 2640 5
505 2623 594 2653 Conf.
617 2621 711 2652 Cicer.
742 2622 825 2651 Orat.
858 2633 888 2651 c.
907 2620 943 2650 11
963 2627 989 2650 et
1020 2619 1065 2653 1&
1094 2620 1224 2659 Quintil.
1255 2620 1306 2649 lib.
1340 2619 1408 2650 Ill.
1439 2631 1466 2647 e.
1490 2618 1517 2646 4.
1538 2617 1553 2657 ᾖ
1577 2615 1632 2649 13,
1668 2616 1727 2649 14ς

412 2680 499 2709 voss.
523 2680 598 2710 Inst.
612 2679 806 2717 01·at.,0pp.
827 2679 874 2707 cd.
897 2679 979 2709 land,
1002 2678 1033 2711 Τ,
1056 2677 1125 2716 III,
1150 2689 1176 2716 p.
1201 2676 1544 2707 ]‹1,‹=1W0srerma=m.
1568 2676 1623 2713 Op.
1645 2675 1729 2704 land.

412 2735 466 2765 Th.
494 2735 524 2768 Ι,
549 2736 577 2765 S.
600 2734 676 2765 1113.
709 2741 772 2768 not,
802 2734 854 2766 30,
