2013 3496
859 222 910 258 55

239 348 410 388 loricam
441 347 636 401 reliquit,
668 354 713 387 ut
734 354 909 401 apparet
938 361 982 385 ex
1007 344 1121 386 hisee
1142 344 1275 385 verbis
1300 345 1377 386 sub
1404 346 1550 386 finem:

237 426 318 477 ἐγώ
366 425 672 478 δέ-παόσομαι
723 429 775 479 τῇ
826 428 1027 479 ῥητορικῇ
1067 421 1554 477 ἐπιπολάζων-μᾶλλον

235 505 279 546 δὲ
307 504 389 557 ἤδη
415 503 639 556 πέπαυμαι
667 503 692 542 ¹.

292 580 472 621 Simulat
518 579 650 635 igitur
680 579 915 628 Lucianus,
957 578 1180 619 eonsilium
1209 593 1249 619 se
1283 578 1381 620 dare
1411 578 1555 619 adole-

235 660 368 700 scenti
401 659 452 699 de
485 658 641 712 optima
673 658 858 707 ratione,
894 672 978 712 qua
1005 656 1075 698 hie
1110 656 1289 698 rhetoris
1323 657 1466 698 sibiet
1494 672 1558 698 so·-

236 736 399 792 phistae
430 752 583 777 nomen
625 743 944 790 comparaturus
985 742 1103 776 esset.
1151 735 1313 778 Cebetis
1352 735 1559 777 Socratici

236 811 396 857 instar²
443 814 674 871 imaginem
704 814 893 870 effingit,
932 827 1042 868 quae
1083 812 1186 854 duas
1225 812 1407 854 ostendit
1446 813 1557 862 vias,

237 901 459 948 utramque
506 893 559 934 ad
605 891 861 933 rhetoricam
900 890 1144 933 ducentem.
1198 891 1390 943 Quarum
1429 891 1559 931 altera

234 973 363 1027 longa
404 980 464 1012 est
495 979 535 1012 et
569 970 701 1011 ardua
737 978 776 1010 et
809 970 936 1024 plena
969 969 1160 1020 sudoris,
1197 968 1345 1010 similis
1383 970 1562 1010 maxime

1062 1045 1099 1096 3;
1131 1046 1263 1088 altera
1288 1053 1435 1088 contra
1455 1045 1560 1086 nihil

232 1048 373 1099 illius,
402 1063 529 1103 quam
558 1047 794 1104 designavit
824 1046 1030 1088 Hesiodus

236 1126 472 1181 quidquam
515 1133 655 1180 potest
687 1124 922 1178 jucundius
967 1125 1146 1181 cogitari
1181 1131 1254 1166 aut
1284 1125 1417 1180 magis
1445 1139 1557 1166 com-

233 1204 483 1260 pendiosum
511 1208 539 1245 ³⁴.
574 1203 786 1257 Hujusee,
823 1217 975 1258 nempe
1007 1204 1134 1245 unice
1166 1204 1424 1259 expetendae
1443 1204 1559 1255 viae,

235 1292 325 1324 tum
353 1282 476 1322 multi
502 1282 574 1321 alii
598 1281 726 1322 duces
758 1289 878 1335 sunt,
904 1289 993 1322 tum
1025 1282 1251 1337 magnifica
1271 1282 1318 1323 fit
1342 1295 1562 1323 commen-

236 1360 349 1401 datio
367 1375 387 1400 a
407 1358 590 1414 quodam
618 1373 752 1412 paene
779 1358 921 1398 divino
945 1357 1139 1409 homine,
1161 1359 1235 1412 qui
1261 1372 1363 1413 prae
1386 1359 1561 1400 caeteris

236 1437 407 1494 egregie
440 1436 484 1476 in
514 1451 562 1478 ea
597 1443 779 1477 versatus
812 1444 872 1476 est
900 1435 928 1477 ⁵.
970 1437 1201 1491 Praecepta
1220 1470 1229 1487 ,
1260 1451 1370 1491 quae
1402 1438 1455 1478 ab
1485 1438 1559 1477 illo

238 1517 432 1556 feruntur
458 1513 544 1555 huc
574 1516 752 1556 maxime
780 1514 973 1556 redeunt.

284 1663 294 1680 ¹
324 1665 413 1697 Rhot.
438 1666 540 1696 Pravo.
558 1678 585 1696 e.
602 1665 658 1705 26,
677 1667 717 1695 ita
735 1668 799 1706 jam
820 1667 962 1706 Solanus,
982 1668 1034 1697 ad.
1052 1667 1073 1695 l.
1086 1672 1115 1696 et
1133 1667 1284 1707 Raukius,
1306 1667 1417 1700 Pessa-x
1435 1673 1464 1696 et
1484 1667 1557 1696 Luc.

238 1733 264 1759 p.
277 1719 328 1749 26:
354 1733 369 1750 «
384 1721 526 1759 scriptum
546 1733 608 1751 esse
629 1731 728 1761 quum
748 1721 1074 1761 quadraqz‘ntafere
1096 1732 1203 1752 annos
1221 1726 1325 1752 natus
1339 1726 1468 1758 esset»;
1490 1733 1562 1752 con-

234 1777 332 1806 ciliari
351 1783 450 1806 tamen
472 1789 538 1807 cum
558 1777 588 1806 h.
612 1778 763 1807 sententia
783 1788 844 1807 non
864 1778 958 1816 possit
978 1779 1074 1807 altera
1092 1778 1193 1808 Rank.
1216 1778 1292 1808 ibid.
1313 1789 1341 1816 p.
1361 1777 1421 1807 36:
1436 1788 1454 1807 «
1465 1778 1560 1807 Scri-

235 1837 331 1872 ptum
350 1842 424 1862 esse
444 1832 618 1861 Commodo
640 1836 817 1872 reynatzte,
832 1839 990 1872 postquam
1001 1839 1139 1873 suggestu
1150 1833 1300 1864 rhetorico
1310 1834 1424 1863 Pollux
1434 1839 1559 1863 ornatus

233 1894 310 1918 esset
323 1900 337 1917 η
353 1911 361 1927 ,
385 1888 455 1926 quia
468 1888 508 1917 ita
521 1888 640 1926 quidem
662 1888 813 1918 Lucianus
834 1895 921 1918 natus
939 1895 1016 1918 esset
1033 1895 1099 1927 post
1117 1900 1230 1918 annum
1249 1888 1314 1919 140
1330 1900 1359 1927 p.
1378 1888 1448 1919 Chr.
1470 1895 1559 1928 atqu(-

234 1950 340 1984 quater
361 1944 526 1984 Olympieis
544 1945 624 1973 ludis
650 1944 834 1974 interfuisset
860 1951 890 1974 et
919 1945 1030 1974 librum
1048 1945 1084 1975 de
1104 1944 1182 1975 llist.
1205 1945 1362 1975 conscrib.
1378 1945 1554 1983 scripsisset,

234 2007 394 2039 antequam
424 2011 536 2029 annum
559 2000 667 2029 aetatis
685 2001 823 2039 quintum
841 2007 870 2030 et
887 2001 1062 2031 vicesimum
1079 2001 1270 2039 explevisset.
1294 2000 1440 2030 Nimirum
1450 2006 1553 2030 notum

237 2062 303 2094 est,
326 2055 396 2085 Luc.
419 2055 450 2084 in
468 2055 547 2084 libro
567 2056 602 2084 de
624 2055 712 2085 Most.
726 2057 844 2095 Peregr.
864 2067 890 2086 e.
911 2055 965 2095 35,
986 2057 1145 2086 tradidisse
1171 2063 1279 2095 quarto
1299 2062 1362 2085 tum
1390 2066 1420 2085 se
1447 2056 1556 2086 vidisse

239 2111 360 2150 Olymp.
384 2122 475 2149 quum
497 2111 674 2150 Peregrinus
685 2123 714 2141 se
734 2112 764 2141 in
784 2123 888 2151 rogum
903 2112 1060 2151 dejiceret3
1082 2112 1111 2141 id
1129 2112 1209 2151 quod
1227 2112 1387 2151 Eusebius>
1399 2112 1430 2140 in
1443 2112 1555 2142 Chron.

237 2166 354 2196 notavit
377 2167 415 2195 ad
442 2166 562 2205 Olymp.
589 2165 653 2195 236
681 2179 697 2196 a
724 2167 761 2202 1,
796 2179 822 2206 1¹·
844 2168 914 2197 Chr.
945 2180 971 2197 a.
1002 2169 1073 2198 Eus.
1095 2167 1177 2203 166,
1206 2168 1269 2198 sive
1296 2169 1449 2207 vulgarem
1475 2167 1555 2201 165,

235 2223 331 2262 (conf.
359 2222 478 2261 Scalig‚
506 2222 656 2253 animadv.
685 2224 721 2253 ad
746 2224 922 2263 Hieronymi
950 2235 1026 2254 vers.
1058 2224 1122 2254 Lat.
1145 2235 1172 2262 p.
1196 2222 1288 2266 202.)
1310 2224 1430 2254 Librum
1451 2231 1548 2255 autem

235 2278 271 2307 de
292 2277 368 2308 Hist.
403 2277 524 2307 Conscr.
551 2279 669 2317 scripsit
697 2281 752 2309 suh
781 2280 893 2310 exitum
921 2281 997 2310 belli
1025 2280 1177 2321 Parthici,
1200 2280 1221 2310 i.
1245 2291 1273 2313 e.
1296 2281 1367 2310 cire.
1387 2292 1415 2310 a.
1441 2279 1504 2311 165
1524 2293 1552 2319 p.

237 2335 307 2366 Chr.
329 2335 415 2365 Coni.
431 2346 456 2364 c.
477 2333 536 2371 30,
561 2334 619 2372 31,
640 2341 667 2365 et
687 2335 754 2366 Car.
777 2336 862 2368 Fred.
888 2337 1052 2366 Hermann.
1073 2337 1103 2366 in
1131 2338 1224 2375 praef.
1246 2337 1282 2366 ad
1306 2336 1414 2376 singul.
1435 2336 1466 2366 h.
1487 2337 1557 2367 libri

243 2390 320 2421 Edit.
348 2388 450 2429 1828,
484 2402 512 2428 p.
542 2390 640 2430 XIII,
664 2392 916 2422 RVH-Prior
947 2400 1044 2423 autem
1068 2393 1215 2422 sententia
1240 2399 1357 2431 propter
1378 2391 1471 2429 ipsius
1488 2393 1557 2423 Luc,

237 2459 270 2477 ve
276 2449 327 2478 rba
349 2448 460 2477 tuenda
483 2447 612 2477 videtur.

287 2511 298 2527 ·’
326 2510 386 2541 Rh.
414 2511 461 2540 Pr.
489 2521 514 2540 c.
541 2509 571 2540 6.

289 2577 300 2594 “’
328 2575 405 2605 ibid.
431 2588 454 2605 e.
483 2574 518 2605 23.
548 2576 585 2606 7.
614 2575 642 2603 5⁴.

284 2632 300 2653 4
328 2639 403 2670 1bid.

285 2701 294 2714 ζ
324 2702 399 2732 [bid.
426 2715 449 2732 e.
480 2703 529 2733 ll.
