2013 3496
1053 204 1104 244 78

410 338 479 377 37.
519 336 658 390 Longe
674 347 771 372 sane
799 331 988 371 diversus
1012 331 1053 372 in
1083 345 1131 372 eo
1158 331 1364 372 Lucianus
1395 348 1416 373 a
1439 332 1597 385 juvene
1622 335 1717 385 illo,

410 413 461 453 de
489 427 573 469 quo
600 410 779 464 scriptor
809 408 1060 460 Amorum,
1089 424 1125 450 c.
1147 411 1224 450 45:
1257 410 1462 452 Θεσσαλοὶ
1491 415 1570 467 γάρ
1596 416 1719 455 ἵπποι

405 491 606 545 μέλουσιν
651 490 768 543 αὐτῷ
795 518 860 523 --
886 491 930 530 ἐν
984 491 1126 544 εἰρήνῃ
1168 488 1323 543 ped-ng}
1371 492 1423 529 τά
1473 489 1720 547 πολεμικά.)

465 567 646 608 Omnino
669 580 869 621 quasnam
892 573 1027 621 partes
1054 566 1252 623 antiquae
1268 565 1528 608 educationis
1550 570 1721 610 mutatis

404 644 662 699 temporibus
695 643 934 698 probaverit·
971 657 1157 698 suaeque
1191 645 1316 685 aetati
1350 646 1578 686 convenire
1602 646 1724 699 judi-

403 723 583 772 caverit,
622 736 700 762 nec
737 721 933 763 distincte
968 722 1088 763 nobis
1117 721 1376 778 designavit,
1408 738 1546 779 neque
1564 732 1623 764 cst
1645 739 1722 766 cur

403 801 542 842 animo
585 800 624 840 id
667 800 803 855 ipsum
844 815 917 841 suo
962 799 1089 854 plane
1124 800 1200 840 sibi
1235 801 1489 855 explicatum
1526 801 1724 844 habuisse

402 885 612 933 putemus,
658 877 738 928 At,
786 877 816 917 si
863 877 1002 917 minus
1045 877 1264 931 pristinam
1315 877 1407 932 ejus
1459 878 1635 919 formam
1685 888 1724 921 et

403 956 569 1012 singula
616 954 836 1005 instituta,
885 968 994 1009 quae
1042 955 1085 994 in
1132 953 1420 995 Anacharside
1471 955 1721 1012 descripsit,

402 1035 616 1090 propriam
646 1041 759 1074 certe
797 1040 988 1074 naturam
1019 1046 1066 1072 ac
1101 1033 1308 1087 principia
1345 1034 1561 1088 amplexus
1595 1037 1726 1077 omni-

404 1130 456 1155 no
495 1114 684 1164 videtur3
724 1113 930 1153 intellexit
973 1112 1198 1162 nimirum,
1237 1113 1591 1168 quemadmodum
1622 1115 1722 1165 illa,

402 1192 574 1247 politico
605 1191 776 1249 quidem
807 1190 1011 1241 consilio,
1051 1198 1337 1231 verumtamen
1374 1198 1458 1232 tota
1487 1193 1531 1232 in
1561 1207 1608 1233 eo
1646 1207 1718 1247 po-

400 1271 475 1312 sita
515 1271 690 1319 fuisset,
736 1277 783 1310 ut
828 1269 1019 1319 nativas,
1060 1275 1149 1309 tum
1194 1269 1345 1320 animi,
1390 1277 1480 1310 tum
1532 1273 1721 1324 corporis

400 1349 623 1390 facultates
637 1348 679 1388 in
695 1347 1049 1397 adolescentibus,
1067 1346 1353 1401 promovendo
1367 1347 1720 1406 corrigendoque,

406 1429 483 1468 rite
515 1427 811 1468 conformaret.
849 1426 977 1466 «Non
1009 1426 1106 1466 satis
1136 1426 1255 1467 nobis
1289 1425 1478 1477 videtur,
1500 1444 1521 1467 ›>
1565 1428 1691 1469 Solon
1712 1463 1721 1479 ,

401 1508 442 1546 in
475 1505 637 1547 Anach.
673 1521 710 1546 c.
741 1506 819 1554 20,
858 1503 987 1555 dicit,
1020 1519 1105 1545 «eo
1126 1504 1437 1560 modoingenio
1461 1519 1548 1546 esse
1566 1520 1716 1546 unum-

401 1599 614 1641 quemque
643 1584 705 1623 uti
737 1589 859 1623 natus
894 1590 977 1633 est,
1014 1583 1097 1623 sive
1128 1590 1332 1639 quantum
1352 1582 1402 1623 ad
1426 1597 1607 1637 corpus,
1633 1585 1718 1625 sive

400 1661 514 1716 quod
548 1661 600 1703 ad
636 1661 852 1712 animum3
889 1675 1033 1701 verum
1066 1662 1330 1703 institutione
1364 1661 1477 1716 apud
1515 1661 1715 1703 eosindi·

404 1755 549 1797 gemus
581 1756 630 1782 ac
662 1740 917 1795 disciplina,
946 1755 968 1781 a
994 1740 1148 1796 quibus
1177 1754 1274 1782 cum
1309 1755 1355 1782 ea
1374 1774 1383 1791 ,
1413 1755 1521 1798 quae
1539 1741 1722 1782 feliciter

402 1827 496 1860 nata
521 1826 643 1870 sunt,
671 1819 844 1860 meliora
872 1818 1006 1859 multo
1028 1818 1156 1868 fiant,
1192 1825 1282 1858 tum
1318 1833 1427 1873 quae
1456 1818 1565 1860 male
1588 1834 1630 1860 se
1647 1818 1724 1859 ha-

400 1898 524 1946 bent,
562 1897 916 1937 transformentur
948 1897 992 1936 in
1021 1896 1188 1938 melius.
1222 1896 1471 1950 Exemplum
1504 1896 1622 1936 nobis
1662 1905 1723 1938 est

400 1977 453 2016 ab
488 1975 712 2031 agricolis,
745 1975 819 2029 qui
851 1974 1041 2028 plantas,
1081 1974 1284 2031 quamdiu
1321 1973 1501 2015 humiles
1535 1982 1632 2015 sunt
1666 1989 1715 2016 ac

401 2061 570 2094 tenerae
603 2059 753 2108 tegunt
788 2066 837 2092 ac
874 2053 1067 2107 sepiunt;
1103 2066 1200 2093 cum
1233 2066 1331 2092 vero
1360 2051 1449 2105 jam
1488 2052 1718 2093 crassitiem

400 2132 589 2188 aliquam
630 2130 827 2171 surculus
870 2130 1019 2181 habet,
1057 2138 1146 2171 tum
1181 2138 1221 2172 et
1255 2131 1466 2186 superflua
1502 2132 1722 2185 putatione

401 2215 615 2259 resecant,
653 2216 693 2249 et
733 2208 865 2248 ventis
905 2223 972 2250 eas
1003 2208 1252 2264 quatiendas
1279 2207 1586 2265 agitandasque
1620 2208 1719 2249 dum

401 2286 678 2342 permittunt,
725 2285 955 2327 fertiliores
986 2286 1189 2327 efficiunt.
1205 2301 1299 2326 ›>—
1321 2286 1553 2327 Lucianum
1595 2300 1721 2340 porro

399 2379 489 2406 eam
535 2365 738 2419 antiquae
779 2364 1028 2419 disciplinae
1076 2370 1264 2419 partem,
1311 2377 1421 2419 quae
1464 2363 1508 2404 in
1543 2377 1720 2417 corpore

404 2441 720 2483 corroborando
775 2449 814 2483 et
870 2440 1162 2496 componendo
1209 2442 1344 2495 posita
1397 2441 1500 2491 fuit,
1551 2440 1716 2481 sublato

403 2521 525 2562 etiam
557 2521 696 2575 prisco
729 2521 903 2563 militari
937 2520 1025 2574 ejus
1054 2535 1158 2572 usu,
1193 2521 1276 2561 suis
1303 2521 1432 2575 ipsius
1458 2519 1717 2573 temporibus

398 2598 640 2654 probasse,
686 2599 815 2656 coligi
852 2607 989 2655 potest
1029 2615 1050 2641 e
1104 2598 1330 2649 laudibus,
1361 2613 1463 2654 quas
1497 2597 1711 2638 interdurn

404 2678 651 2734 aequalibus
690 2678 932 2720 hominibus
968 2694 1016 2720 eo
1047 2678 1215 2719 nomine
1244 2677 1404 2718 tribuit.
1438 2676 1485 2716 ln
1515 2675 1712 2718 charete-
