2013 3496
1065 192 1119 233 66

445 341 575 368 «rum
600 325 715 383 quod
741 323 987 364 facillimam
1021 328 1061 362 et
1087 320 1295 362 declivem
1324 321 1433 361 viam
1457 322 1690 378 elegistis.»
1713 336 1724 357 ι

497 406 593 457 Quo
615 403 755 444 animo
784 400 993 441 Lucianus
1018 398 1072 440 ab
1100 399 1198 439 artis
1227 399 1403 438 aemulis
1425 414 1468 438 se
1495 399 1583 452 ipse
1614 414 1758 455 segre-

435 483 597 540 gaverit
626 495 673 521 ex
698 480 828 529 hisce,
853 479 892 519 ni
913 477 1051 528 fallor,
1072 484 1273 532 apparet;
1304 475 1465 516 meritis
1497 476 1580 516 suis
1603 476 1646 517 id
1672 477 1757 517 for-

435 569 560 603 tunae
602 559 806 614 adeptus,
851 555 966 612 quod
1007 554 1182 596 honesto
1219 555 1303 595 otio
1338 553 1577 604 sufficeret,
1621 554 1757 594 noluit

434 639 617 693 amplius
652 635 853 693 progredi
883 635 926 675 in
954 632 1120 682 studio,
1150 631 1265 687 quod
1287 640 1370 674 tam
1400 632 1567 683 facilem
1598 631 1757 673 aditum

435 717 619 759 habebat
654 713 921 758 homiuibus,
962 711 1037 767 qui
1073 711 1293 752 literarum
1336 710 1532 761 laudem,
1565 710 1757 766 neglecta

434 795 651 837 doetrinae
696 791 907 847 elegantia
953 789 1232 840 affectabant;
1269 803 1348 830 nec
1389 788 1592 830 imitando
1628 788 1758 829 malas

437 888 582 916 eorum
621 879 730 911 artes
768 883 981 919 moresve,
1013 865 1264 922 aequalibus
1299 867 1424 907 armis
1456 880 1553 907 cum
1583 867 1670 907 istis
1707 865 1759 906 de

439 952 565 997 laude
598 951 676 991 sibi
707 947 954 990 certandum
983 946 1161 1001 putavit.

495 1032 637 1084 Quum
678 1042 771 1067 vero
803 1025 1017 1066 videamus
1045 1036 1174 1078 quam
1209 1022 1378 1077 copiose
1412 1030 1452 1063 et
1489 1021 1760 1064 vehementer

437 1125 505 1152 eos
533 1117 646 1158 tum,
679 1119 810 1161 quum
843 1105 897 1144 ab
934 1103 984 1142 iis
1016 1101 1133 1155 abit,
1162 1101 1314 1141 illudat
1340 1101 1465 1141 simul
1492 1109 1532 1141 et
1558 1100 1759 1150 irrideat,

436 1188 617 1229 dubium
648 1200 735 1226 esse
773 1198 857 1224 non
879 1187 1039 1237 potest,
1073 1179 1177 1234 quin
1202 1179 1291 1233 ipsa
1310 1178 1548 1235 indignatio
1569 1211 1578 1227 ,
1598 1177 1760 1233 quaju·

438 1266 552 1308 venis
577 1263 807 1305 immeritos
828 1261 1001 1302 illorum
1025 1271 1241 1298 successus
1260 1256 1419 1311 tulerit,
1431 1256 1609 1296 mirifice
1632 1256 1762 1296 fuerit

438 1344 581 1385 efficax
609 1342 660 1383 ad
691 1339 955 1381 excitandam
982 1344 1023 1377 et
1053 1333 1384 1377 confirmandam
1412 1335 1625 1389 propriam
1644 1334 1761 1374 illam

439 1422 603 1479 ingenii
634 1417 904 1467 facultatem,
939 1429 1024 1471 qua
1060 1412 1226 1454 matura
1258 1419 1395 1453 aetate
1427 1411 1658 1467 aliquando
1695 1426 1763 1452 re-

440 1500 671 1556 prehensor
704 1497 767 1537 sui
794 1493 951 1536 saeculi
975 1491 1145 1534 exstitit.

498 1579 645 1633 Neque
675 1584 813 1616 tamen
839 1572 1054 1613 rhetorum
1080 1570 1330 1625 perversitas
1353 1569 1480 1611 unica
1496 1583 1642 1610 caussa
1655 1569 1759 1619 fuit,

442 1672 519 1699 cur
557 1656 767 1698 Lucianus
810 1654 855 1694 in
903 1649 1128 1706 sophistica
1171 1649 1428 1704 professione
1463 1662 1764 1689 consenescere

442 1737 642 1779 noluerit.
677 1736 903 1788 Postquam
932 1731 977 1771 in
998 1728 1086 1770 Bis
1104 1727 1327 1771 Accusato
1353 1735 1601 1782 exposuerat
1628 1740 1764 1782 quan-

444 1823 532 1857 tum
570 1812 773 1854 adulteris
815 1810 900 1851 suis
941 1807 1152 1849 rhetorica
1200 1806 1443 1856 tribuisset,
1489 1820 1580 1845 mox
1610 1803 1761 1846 'additz

449 1894 776 1947 «Quamquam,
805 1889 838 1930 si
857 1888 925 1929 vel
947 1886 1054 1928 nihil
1084 1885 1290 1940 ejusmodi
1317 1884 1370 1925 ab
1391 1884 1439 1924 ea
1467 1890 1607 1924 actum
1631 1890 1762 1931 esset,

448 1969 809 2013 «concedendum
836 1974 978 2008 tamen
1003 1962 1107 2006 mihi
1139 1971 1254 2014 erat,
1289 1962 1451 2004 homini
1481 1961 1765 2017 quadraginta

449 2051 573 2091 «fere
607 2062 737 2089 annos
765 2054 891 2096 nato,
924 2059 947 2085 a
979 2044 1231 2085 tumultibus
1262 2042 1345 2082 illis
1377 2048 1418 2082 et
1448 2040 1593 2082 litibus
1623 2040 1764 2081 disce-

449 2129 589 2170 «dere
628 2135 668 2169 et
703 2126 923 2182 quiescere
953 2123 1041 2178 pati
1068 2122 1262 2176 judices;
1307 2121 1578 2176 evitatisque
1607 2126 1764 2174 tyran-

449 2222 470 2247 «
485 2219 648 2248 norum
670 2200 1033 2246 accusationibus
1046 2206 1086 2242 et
1105 2199 1313 2241 laudibus
1332 2200 1538 2240 virorum
1547 2196 1761 2253 fortium,

449 2285 531 2326 «in
557 2282 826 2328 Academiam
854 2289 927 2322 aut
952 2281 1136 2337 Lyceum
1165 2277 1354 2336 ingredi3
1376 2278 1522 2333 ibique
1541 2290 1637 2317 cum
1655 2275 1765 2330 opti-

450 2379 470 2403 «
490 2378 557 2404 mo
598 2361 677 2403 hoc
709 2361 886 2417 Dialogo
919 2359 1183 2401 inambulare
1209 2356 1376 2413 placide
1402 2357 1684 2411 disputantem
1702 2355 1760 2396 ².»

447 2443 497 2483 Et
550 2443 683 2496 ipsam
727 2440 928 2482 nimirum
973 2436 1223 2493 sophisticae
1272 2436 1522 2490 disciplinae
1571 2441 1763 2475 naturam

496 2628 505 2648 1
534 2625 623 2656 tht.
645 2627 746 2656 Praec.
767 2637 793 2656 c.
816 2624 873 2660 26:
902 2626 983 2656 conf.
1005 2636 1070 2655 eum
1093 2624 1140 2654 his
1158 2635 1239 2662 supr.
1260 2623 1343 2652 laud.
1366 2623 1424 2652 loe.
1445 2621 1556 2651 Piscat.
1575 2631 1600 2648 e.
1623 2617 1675 2649 29.

495 2690 509 2708 2
536 2691 585 2720 Bis
612 2691 717 2720 Aecus.
739 2703 763 2720 e.
787 2689 837 2720 32.
