2013 3496
1059 262 1081 285 ¹)

408 394 614 428 structum
633 394 718 435 est,
745 393 789 425 ut
820 387 943 426 etiam
977 393 1062 426 tum
1087 420 1095 435 ,
1118 401 1248 441 quum
1274 389 1344 428 itta
1368 388 1495 428 virtus
1520 391 1734 446 antiquata

410 474 538 516 esset,
567 465 880 520 seditionesque
921 473 962 505 et
986 466 1121 506 malae
1149 473 1259 506 artes
1287 467 1593 521 rempublicam
1621 469 1734 509 deie-

409 546 559 586 vissent
573 577 582 594 ,
601 544 740 598 ipsum
766 549 905 583 tamen
924 543 1151 597 imperium
1178 546 1402 598 permulta
1421 547 1587 588 saecula
1608 554 1735 587 staret

407 631 447 664 et
484 621 653 663 tandem
691 621 755 661 vix
796 636 819 662 a
854 622 1155 675 potentissimis
1203 622 1526 678 fortissimisque
1567 625 1734 679 populis

405 702 634 742 deleretur.
682 699 875 741 Athenae
913 714 1085 756 quoque
1129 699 1204 740 diu
1254 701 1402 741 amissa
1444 701 1517 742 illa
1562 703 1731 757 propria

405 780 522 821 velut
558 779 796 820 studiorum
831 778 1072 830 viriditate,
1108 794 1193 820 non
1233 781 1486 822 auctoritate
1526 781 1663 823 solum
1693 791 1733 823 et

406 858 606 912 exemplis
625 891 634 909 ‚
662 857 734 898 sed
765 857 1063 913 magistrorum
1093 858 1218 898 etiam
1252 858 1375 911 copia
1407 857 1660 909 affluebant,
1695 869 1735 901 et

405 950 664 997 quamquam
701 950 786 975 non
824 941 940 976 tanta
974 935 1054 975 fuit
1093 935 1363 991 ingeniorum
1402 939 1658 990 praestantia
1697 947 1737 980 et

405 1016 553 1070 copia,
588 1022 729 1055 tamen
757 1013 971 1054 dominata
1010 1020 1071 1054 est
1102 1014 1285 1055 eruditio
1318 1016 1480 1057 Graeca
1514 1024 1555 1056 et
1586 1016 1738 1058 huma—

406 1094 528 1136 nitas.
561 1092 701 1149 Atque
726 1092 770 1132 in
795 1092 886 1146 ipso
911 1091 1030 1148 quasi
1053 1092 1255 1143 interitu,
1285 1108 1369 1134 non
1400 1094 1496 1135 dico
1515 1095 1733 1137 literarum

405 1173 664 1214 Graecarum
687 1203 696 1220 ,
729 1184 837 1226 quae
871 1184 1017 1210 revera
1052 1169 1137 1210 dici
1165 1179 1344 1224 possunt
1382 1173 1648 1214 continenter
1681 1175 1732 1215 ad

408 1256 546 1290 nostra
568 1256 757 1303 tempora
787 1255 1045 1303 propagatae
1074 1263 1162 1288 esse
1178 1281 1188 1298 ‚
1217 1248 1287 1289 sed
1312 1249 1355 1289 in
1378 1249 1556 1290 interitu
1574 1250 1731 1292 studio—

408 1343 500 1368 rum
525 1341 695 1377 eorum,
717 1340 825 1383 quae
843 1326 901 1367 ita
928 1327 1049 1366 fuere
1067 1327 1198 1366 veteri
1225 1327 1317 1367 orbi
1344 1327 1509 1369 Graeco
1537 1329 1729 1384 propria,

405 1414 450 1447 ut
494 1405 780 1459 distinguatur
816 1418 894 1459 per
935 1418 982 1444 ea
1034 1411 1213 1445 vetustas
1253 1405 1306 1445 ab
1354 1405 1403 1445 iis
1444 1406 1732 1461 temporibus,

407 1498 516 1541 quae
542 1489 688 1524 secuta
713 1489 811 1522 sunt
841 1489 881 1523 et
909 1489 1051 1536 postea
1079 1481 1254 1523 fuerunt
1275 1513 1285 1530 ‚
1324 1497 1476 1537 operae
1513 1499 1611 1525 sane
1638 1499 1734 1540 pre—

408 1564 513 1604 tium
547 1569 608 1603 est
637 1560 856 1603 attendere
881 1561 1084 1616 pristinae
1108 1561 1244 1602 laudis
1272 1563 1462 1619 vestigia.
1498 1564 1589 1605 Non
1621 1565 1733 1605 enirn

408 1642 542 1683 exitus
576 1639 694 1681 velut
730 1639 840 1680 senis
874 1639 955 1679 fuit
988 1639 1078 1680 sine
1118 1654 1270 1691 sensu,
1305 1640 1376 1681 sed
1408 1648 1496 1683 erat
1531 1641 1736 1695 juvenilis

405 1720 599 1762 alacritas
624 1725 752 1775 atque
774 1717 1002 1766 fortitudo,
1021 1723 1111 1758 erat
1138 1718 1344 1772 sapientia
1370 1720 1588 1762 sentientis
1614 1723 1732 1778 quasi

407 1807 447 1839 et
476 1796 754 1852 intelligentis
777 1795 929 1837 cedere
959 1810 1001 1836 se
1032 1795 1201 1837 debere.

463 1877 631 1918 Etenim
662 1874 899 1924 Lucianus,
934 1873 986 1914 de
1013 1889 1097 1931 quo
1133 1874 1335 1929 scripturi
1375 1890 1545 1926 sumus,
1579 1877 1612 1917 si
1639 1879 1733 1934 quis

406 1956 532 2006 alius,
568 1961 759 1994 veterum
798 1958 1052 2008 poetarum,
1102 1959 1344 2003 oratorum,
1386 1953 1733 2009 pbilosophorum

406 2033 545 2074 studio
577 2039 618 2073 et
641 2031 918 2073 meditatione
947 2031 1132 2072 nutritus
1159 2031 1266 2081 fuit,
1303 2030 1580 2088 ejusdemque
1608 2033 1735 2074 studii

410 2125 667 2168 magnopere
707 2109 1026 2151 commendator
1077 2110 1259 2150 exstitit:
1303 2109 1416 2150 idem
1456 2117 1596 2151 tamen
1638 2111 1738 2153 deos

408 2191 594 2247 deasque
623 2203 787 2238 omnes,
813 2203 918 2245 quos
940 2187 1061 2228 initio
1086 2188 1286 2229 orationis
1313 2195 1528 2229 oratorum
1548 2203 1734 2230 summus

405 2270 700 2318 invocaverat,
720 2267 845 2308 exitio
867 2265 1004 2307 dedit:
1034 2266 1485 2320 praestantissimorum
1506 2273 1731 2322 poetarum

407 2363 574 2399 versuS‚
610 2348 710 2389 olim
737 2347 780 2387 in
808 2346 923 2386 festis
953 2345 1129 2386 deorum
1159 2345 1376 2396 recitatos,
1413 2346 1456 2386 in
1483 2346 1648 2387 coelum
1675 2348 1732 2390 ita

408 2427 647 2478 transtulit,
681 2433 728 2466 ut
763 2425 815 2467 ad
847 2424 1082 2480 perniciem
1111 2424 1191 2478 ipsi
1226 2438 1345 2465 suam
1380 2424 1428 2463 iis
1463 2424 1521 2465 dii
1563 2432 1732 2466 uteren-

407 2514 475 2547 tur
502 2505 542 2546 ¹:
579 2504 817 2547 Stoicorum
845 2503 1043 2544 sudorem
1071 2502 1306 2557 absterget-i
1326 2536 1336 2553 ,
1370 2502 1624 2544 Academiae
1656 2503 1734 2544 du-

407 2584 655 2627 bitationem
701 2582 820 2633 tolli,
865 2595 1062 2622 numeros
1108 2580 1393 2637 Pythagoreos
1432 2595 1515 2621 non
1552 2581 1734 2636 amplius

454 2749 463 2767 ¹
498 2750 591 2780 velut
608 2759 654 2778 ex.
673 2760 700 2778 c.
724 2748 752 2777 iu
778 2747 855 2776 Jove
875 2746 1038 2786 ‘I‘ragovdm
