2013 3496
635 778 1158 834 PRAEFATIO.

312 1212 439 1275 Quae
470 1213 527 1258 de
561 1214 669 1275 ipsa
699 1212 1025 1257 dissertatione
1057 1217 1242 1277 ejusque
1269 1217 1463 1261 materie
1495 1217 1564 1260 di-

240 1300 384 1344 cenda
424 1303 587 1349 erant,
629 1298 836 1344 diximus
861 1300 911 1342 in
940 1297 1189 1344 Prooemio
1210 1318 1225 1352 ‚·
1257 1318 1344 1363 qua
1361 1306 1566 1362 propter

239 1386 383 1432 solum
412 1386 556 1446 officio
588 1385 735 1430 debito
746 1384 1045 1446 fungendum
1078 1389 1145 1429 est
1170 1388 1363 1447 gratias
1394 1386 1565 1447 agendi

241 1470 373 1517 Viris
413 1469 730 1519 Clarissimis‚
761 1484 954 1532 quorum
987 1470 1216 1514 institutio
1237 1470 1500 1531 praeclara
1520 1477 1564 1515 et

239 1558 446 1601 maa‘ima
468 1572 585 1618 erga
615 1571 685 1599 me
715 1554 1033 1605 benivolentia,
1057 1555 1257 1615 posthac
1290 1557 1428 1600 etiam
1441 1572 1555 1617 pro-

222 1643 428 1703 futura,
477 1657 595 1685 nunc
631 1645 781 1685 tamen
817 1637 1112 1684 Academiam
1145 1641 1391 1703 reliquenti
1440 1642 1560 1686 milii

235 1729 525 1789 potissimum
569 1726 962 1771 commemoranda
990 1733 1068 1772 est.
1119 1725 1303 1772 Utinam
1331 1732 1445 1772 esset
1478 1726 1558 1772 ille

240 1812 563 1858 HEUSDIUS!
600 1812 903 1857 Eruditionis
934 1816 1033 1874 ejus
1056 1815 1403 1874 praestantiam
1428 1818 1471 1857 et
1487 1829 1559 1857 co-

230 1903 367 1961 piam
407 1901 680 1963 docendique
710 1902 805 1945 vim
832 1905 875 1945 et
902 1899 1196 1945 alacritatem
1222 1918 1311 1945 non
1329 1917 1561 1963 eyoprae-

241 1988 423 2039 dicabo,
471 1987 554 2033 sed
600 1993 775 2032 tantum
817 1987 898 2032 ille
941 1987 1062 2032 mihi
1096 1988 1306 2049 profuit,
1352 1993 1404 2031 ut
1442 1988 1559 2032 hanc

239 2073 526 2135 singularem
554 2075 677 2118 vitae
711 2090 835 2119 meae
854 2073 1138 2135 felicitatem
1155 2080 1342 2136 putem,
1374 2075 1493 2137 quod
1509 2091 1558 2119 eo

222 2159 340 2218 frui
369 2158 488 2202 milti
521 2157 721 2203 licuerit.
770 2157 961 2219 Ingenti
986 2163 1086 2221 ejus
1117 2161 1349 2205 desiderio
1371 2177 1558 2205 commo-

237 2261 378 2289 veor:
421 2261 561 2306 neque
598 2246 718 2289 enim
758 2246 996 2307 quisquam
1008 2244 1162 2305 facile
1200 2245 1282 2290 illo
1313 2245 1558 2307 discipulo-

235 2347 342 2375 rum
361 2332 594 2374 amantior
602 2331 703 2389 fuit
721 2363 730 2381 ,
760 2346 839 2374 nec
862 2333 1092 2390 majorem
1116 2331 1166 2374 in
1193 2331 1369 2374 animos
1399 2347 1554 2375 eorum

234 2417 459 2479 regendos
482 2422 525 2462 et
550 2417 707 2462 studia
714 2417 1018 2479 provehenda
1036 2418 1130 2462 vim
1149 2419 1369 2461 eoeercuit.
1407 2417 1456 2462 E
1458 2421 1554 2480 qui-

235 2504 336 2548 dem
361 2505 406 2547 si
430 2502 496 2547 ad
521 2519 589 2547 me
615 2505 716 2565 ipse
743 2505 964 2565 respicio,
996 2502 1068 2548 vel
1098 2503 1162 2546 ad
1189 2502 1307 2547 hanc
1334 2504 1553 2549 disserta-

237 2589 421 2638 tionem,
454 2586 536 2632 illo
576 2594 762 2633 auctore
794 2594 1075 2650 susceptam,
1118 2588 1263 2633 multa
1294 2606 1402 2634 sane
1435 2591 1555 2635 milii

236 2673 388 2718 dee'sse
418 2674 572 2724 video,
607 2673 681 2719 vel
713 2674 777 2718 ad
810 2677 1013 2736 ingenii,
1057 2674 1132 2719 vel
1156 2675 1432 2719 eruditionis
1456 2676 1552 2720 lau—

237 2759 336 2803 dem
352 2794 361 2812 ‚
396 2766 445 2804 ut
475 2765 600 2806 tanto
634 2760 926 2805 dilectissimi
942 2762 1042 2806 viri
1058 2761 1209 2805 studio
1230 2762 1528 2821 respondeam
1542 2798 1551 2815 ‚
