2013 3496
832 226 884 265 67

204 357 388 398 taedium
405 356 588 396 Luciano
616 354 791 395 movisse
816 359 1003 406 apparet.
1038 352 1322 408 scriptionum
1343 357 1512 410 quidem

206 435 315 476 varia
341 448 494 490 genera
524 433 567 473 in
595 431 855 486 juvenilibus
889 430 1019 471 nostri
1051 432 1245 485 operibus
1281 432 1513 485 hahentur,

205 520 246 554 et
269 526 292 551 a
326 510 517 565 sophistis
550 509 746 564 componi
779 523 828 549 ac
855 508 1025 549 recitari
1060 509 1275 562 solebant,
1309 512 1379 553 sed
1413 527 1515 567 pro-

207 589 295 643 pria
314 596 452 629 tamen
474 601 617 628 eorum
647 586 771 626 officii
801 586 929 636 ratio,
956 594 1123 640 praeter
1149 590 1372 630 oratoriam
1400 591 1516 631 insti-

206 667 412 707 tutionem
446 666 488 705 in
523 662 807 705 declamando
832 664 965 717 posita
991 664 1087 705 suit.
1120 666 1253 706 Etiam
1283 667 1513 708 Luciannm

206 746 247 786 in
278 759 326 786 co
357 744 614 799 potissimum
643 749 849 782 versatum
870 741 997 783 fuisse
1021 743 1216 784 laudatus
1242 745 1359 785 locus
1394 754 1517 786 testa-

205 830 287 864 tur.
335 823 425 863 Jam
462 819 810 862 declamationem
850 819 990 869 illam,
1037 835 1164 875 quam
1206 823 1431 864 consistere
1476 824 1517 864 in

205 898 524 953 praeparatione
565 896 832 952 eloquentiae
870 896 1043 949 publice
1093 898 1351 939 exercendae
1389 914 1514 953 opor—

205 977 339 1027 tebat,
380 989 479 1029 prae
520 975 723 1030 singulari
760 975 965 1014 oratoriae
1001 974 1214 1015 facultatis
1250 990 1390 1016 amore
1429 985 1517 1016 tum

206 1056 246 1094 in
277 1053 422 1108 primis
451 1053 615 1107 antiqui
643 1052 823 1106 amplexi
840 1052 1031 1102 fuerant,
1056 1067 1187 1107 quum
1207 1062 1389 1095 mutatus
1411 1055 1518 1109 poli-

206 1131 312 1171 ticus
332 1130 442 1171 orbis
469 1136 598 1169 status
625 1127 848 1182 pristinum
869 1135 1082 1169 oratorum
1106 1130 1247 1170 locum
1266 1130 1307 1170 in
1335 1132 1520 1172 consiliis

207 1217 247 1249 et
267 1208 443 1262 judiciis
472 1214 633 1247 tantum
665 1221 746 1246 non
778 1205 903 1259 plane
933 1207 1158 1247 sustulerat
1189 1214 1215 1248 ¹.
1244 1208 1348 1249 Inde
1382 1217 1518 1250 autem

206 1293 287 1326 tota
324 1284 550 1339 sophistica
578 1283 681 1323 ratio
711 1283 755 1323 in
782 1282 1086 1324 insanissimam
1114 1285 1342 1339 quamdam
1360 1287 1520 1328 abierat

206 1362 567 1417 ματαιοτέχνιαν,
612 1375 696 1400 non
738 1359 1068 1401 declamatorum
1097 1362 1231 1402 solum
1263 1363 1414 1417 culpa,
1451 1364 1519 1405 sed

206 1440 286 1482 hoc
323 1440 439 1494 ipso,
489 1437 602 1493 quod
634 1450 711 1478 nec
743 1438 918 1479 materie
948 1453 969 1479 e
997 1453 1136 1479 rerum
1166 1454 1241 1481 usu
1277 1451 1317 1481 et
1352 1442 1523 1483 veritate

212 1520 342 1573 petita
359 1551 368 1569 ‚
400 1531 478 1558 nec
512 1517 663 1558 finibus
690 1531 737 1557 ex
767 1516 911 1557 eadem
936 1518 1185 1569 constitutis,
1209 1518 1336 1575 longe
1353 1519 1524 1577 lateque

213 1596 526 1638 dominabatur.
573 1596 676 1636 Nam
701 1595 743 1635 in
782 1602 897 1635 tanto
918 1627 927 1644 ,
955 1602 1114 1649 quanto
1153 1596 1329 1638 florebat
1361 1597 1522 1640 honore

206 1675 375 1728 inopem
416 1687 532 1713 suam
551 1705 560 1722 ‚
591 1686 668 1713 nec
700 1671 752 1712 ad
779 1671 1017 1713 docendum
1048 1687 1136 1713 earn
1167 1680 1238 1713 aut
1268 1675 1525 1728 persuaden—

209 1752 309 1792 dum
324 1785 334 1802 ‚
349 1751 419 1791 sed
436 1750 562 1790 unice
576 1750 626 1791 ad
641 1749 936 1791 delectandum
951 1750 1222 1804 compositam
1238 1758 1429 1792 naturam
1442 1769 1526 1794 non

208 1831 330 1871 aliter
351 1830 500 1884 potuit,
525 1829 603 1870 nisi
626 1828 912 1883 splendidiore
930 1836 970 1868 et
991 1829 1217 1871 tumidiore
1231 1830 1274 1870 in
1292 1830 1378 1871 dies
1393 1832 1526 1873 forma

211 1918 251 1951 et
286 1908 560 1950 insolentiore
593 1915 940 1963 argumentorum
978 1907 1150 1947 fictione
1176 1905 1190 1926 ²
1231 1922 1516 1964 compensare.

269 1988 380 2028 Haec
414 1987 502 2041 ipsa
519 2019 530 2038 ‚
559 2000 686 2042 quam
715 1985 947 2025 identidem
972 1984 1147 2026 meliora
1168 1985 1281 2025 illius
1297 1988 1526 2043 aeviinge-

254 2151 265 2173 l
293 2151 386 2181 Notus
406 2156 449 2180 est
472 2151 558 2179 loeus
581 2149 613 2178 in
630 2147 710 2178 Dial.
729 2147 765 2177 de
785 2147 881 2177 Oratt.
900 2158 926 2177 c.
948 2145 990 2176 35
1006 2145 1081 2177 -42
1098 2148 1129 2178 in
1155 2159 1200 2187 pr.
1217 2160 1242 2178 c.
1266 2148 1327 2188 41,
1347 2149 1378 2179 5.
1411 2149 1516 2188 «Quid

207 2208 288 2237 enim
317 2217 391 2244 opus
420 2211 464 2235 est
490 2204 588 2244 longis
615 2204 646 2233 in
676 2209 782 2232 senatu
810 2203 984 2242 sententiis,
1015 2214 1082 2233 eum
1103 2204 1208 2242 optimi
1226 2204 1287 2234 cito
1307 2205 1524 2235 consentiant?

210 2263 288 2303 Quid
315 2262 417 2291 multis
445 2262 524 2300 apud
550 2261 693 2299 populum
721 2259 916 2289 concionibus
930 2283 938 2298 ,
959 2271 1025 2289 cum
1047 2261 1083 2290 de
1104 2260 1251 2299 Repulica
1270 2272 1330 2291 non
1350 2262 1478 2300 imperiti
1494 2269 1522 2292 et

209 2319 297 2349 multi
315 2319 498 2352 deliberent,
521 2317 571 2347 sed
590 2316 827 2355 sapientissimus
846 2321 875 2345 et
895 2315 1048 2345 unusP—
1063 2317 1140 2356 Quid
1156 2317 1312 2348 iuvidssosis
1332 2324 1361 2348 et
1378 2319 1524 2348 exceden-

210 2376 290 2405 tibus
306 2375 425 2404 modum
443 2372 690 2411 defensionibus,
715 2383 783 2402 cum
801 2371 961 2402 clementia
982 2372 1190 2411 cognoscentis
1210 2373 1329 2403 obviam
1346 2374 1524 2412 pereclitan-

210 2432 292 2461 tibus
310 2429 406 2460 eati'»

256 2486 271 2504 ²
296 2485 494 2516 Athenienses
523 2483 714 2513 vehementer
739 2483 877 2513 admirati
896 2489 966 2512 sunt
981 2483 1186 2513 Alexandrum
1207 2484 1390 2522 sophistam,
1411 2496 1500 2525 quum
1518 2511 1524 2524 ,

211 2551 309 2571 coram
338 2541 410 2579 ipsis
433 2547 462 2571 et
488 2540 604 2570 Herode
620 2540 742 2578 Attico,
761 2539 886 2579 Scythas
905 2545 1060 2569 revocaret
1077 2539 1114 2568 ad
1133 2540 1225 2568 vitam
1247 2540 1453 2578 vagabundam
1467 2564 1475 2580 ‚
1493 2554 1528 2571 οι)

214 2599 293 2636 quod
313 2599 402 2627 urbes
422 2598 589 2628 incolentes
608 2597 770 2627 infirmiore
793 2596 966 2626 valetudine
983 2602 1096 2631 essent3
1115 2597 1261 2626 orationis
1282 2603 1381 2627 autem
1400 2598 1449 2629 hic
1465 2609 1528 2630 erut

214 2655 300 2684 finis:
321 2649 398 2683 ἀλλ’
427 2652 651 2684 &mximam
669 2652 732 2688 τὰς
749 2651 881 2688 πύλας,
902 2650 1122 2683 ἀναπνεῦσαι
1143 2650 1250 2681 θέλω.
1272 2653 1412 2684 Philostr.
1435 2656 1455 2685 l.
1478 2656 1525 2695 ¹¹:

213 2710 253 2748 5,
274 2709 289 2750 ᾗ
308 2710 338 2740 3.
365 2709 463 2739 Olear.
487 2721 513 2747 p.
533 2708 604 2739 573.
