2013 3496
874 226 926 264 35

246 351 469 392 Pantheam
508 351 735 401 exstitisse,
764 351 941 391 amicam
976 366 1065 392 eam
1095 353 1137 392 L.
1160 352 1288 405 Veri,
1324 359 1558 406 temporum

244 438 284 470 et
314 430 505 471 locorum
532 430 637 472 ratio
655 429 809 483 jubere
836 429 1003 470 videtur
1033 437 1077 470 ut
1107 445 1173 471 eos
1201 431 1428 472 referamus
1447 430 1498 471 ad
1517 432 1557 472 id

243 508 416 550 Lueiani
447 516 636 563 tempus,
668 523 752 564 quo
782 508 872 562 jam
911 509 1059 550 relicta
1097 509 1262 559 Gallia,
1305 516 1557 565 anteaquam

243 585 418 627 Athenis
446 587 708 637 consideret,
740 586 923 641 patriam
953 601 1070 628 suam
1100 587 1290 628 inviserit
1322 596 1350 629 ¹.

301 664 589 705 Oratoriorum
631 664 762 720 igitur
796 664 1069 706 flosculorum
1109 665 1279 706 lascivia
1327 665 1384 706 ita
1423 666 1557 706 solum

247 742 481 797 explicatur
513 742 546 782 si
573 742 758 783 Luciano
789 741 1030 796 credimus7
1057 741 1165 784 hanc
1194 743 1421 785 Pantheum
1441 778 1450 795 ,
1482 746 1556 786 etsi

242 819 626 873 intemperantioris
652 819 916 874 imperatoris
954 820 1151 869 amicam,
1193 823 1408 877 egregiam
1431 823 1558 877 plane

240 898 552 953 amabilemque
577 897 764 952 puellam
784 897 939 947 fuisse,
967 896 1232 953 eandemque
1263 906 1477 951 ornatam,
1509 902 1557 942 ea

238 975 395 1016 artium
421 989 469 1015 ac
498 975 717 1015 literarum
752 973 952 1014 varietate
971 1007 981 1024 ,
1025 988 1111 1030 qua
1141 975 1427 1017 luxuriantem
1456 979 1557 1018 seri—

239 1053 321 1094 oris
352 1052 444 1093 aevi
472 1051 658 1093 indolem
690 1051 842 1092 eximia
869 1065 966 1093 cum
1006 1060 1223 1093 venustate
1263 1054 1437 1094 referret
1461 1062 1491 1105 2,
1518 1063 1558 1096 et

240 1131 272 1170 si
306 1144 431 1184 porro
461 1129 680 1169 statuimus
719 1128 951 1169 Lucianum
970 1161 979 1179 ,
1015 1142 1150 1183 quum
1178 1129 1221 1170 in
1249 1131 1390 1184 priore
1427 1132 1558 1173 collo—

241 1208 342 1264 quio
377 1222 423 1248 ex
451 1205 817 1261 praestantissimis
856 1206 1099 1262 quibusque
1124 1208 1334 1249 artificum
1361 1211 1557 1264 operibus

241 1295 281 1327 et
320 1285 590 1327 nobilissimis
633 1285 841 1325 variarum
886 1285 1088 1326 virtutum
1123 1287 1325 1341 exemplis
1372 1288 1556 1330 divinam

237 1363 464 1419 quamdam
501 1362 686 1417 speciem
727 1362 931 1417 fingeret,
966 1377 1144 1418 eamque
1183 1365 1303 1419 quasi
1339 1368 1556 1422 propriam

236 1441 366 1497 ipsius
395 1441 625 1497 imaginem
657 1441 692 1481 ei
722 1440 958 1481 dedicatam
984 1441 1027 1482 in
1054 1442 1204 1498 vulgus
1234 1443 1377 1484 ederet
1410 1454 1439 1494 3,
1472 1460 1557 1486 non

234 1519 407 1575 quidem
450 1519 538 1559 sine
574 1533 669 1560 vera
711 1533 785 1560 sua
825 1519 938 1559 illius
976 1519 1256 1561 admiratione
1299 1521 1342 1562 id
1380 1522 1556 1574 fecisse,

233 1606 522 1640 verumtamen
557 1612 605 1639 eo
644 1597 767 1639 modo
813 1606 860 1638 ut
908 1597 1221 1651 compositionis
1252 1614 1350 1641 suae
1380 1601 1557 1642 formam

233 1685 360 1732 atque
389 1676 573 1717 colorem
608 1682 814 1730 quantum
845 1675 1022 1715 maxime
1048 1683 1187 1729 posset
1211 1676 1263 1717 ad
1294 1676 1409 1718 illius
1436 1677 1554 1732 judi-

232 1754 348 1795 cium
374 1753 682 1810 ingeniumque
715 1751 971 1793 concinnare
1002 1750 1202 1793 studeret.

290 1833 427 1874 Nimia
457 1840 497 1873 et
527 1831 657 1873 effusa
683 1830 869 1872 laudatio
890 1829 1049 1883 justam
1073 1844 1262 1873 caussam
1294 1847 1378 1874 non
1406 1833 1551 1885 affert,

230 1920 277 1952 ut
326 1925 527 1968 negemus
568 1911 756 1965 potuisse
791 1909 1026 1950 Lucianum
1061 1910 1107 1949 ea
1139 1910 1363 1951 formosam
1402 1912 1553 1953 mulie-

232 2072 291 2101 τοῦ
327 2070 472 2114 Οὐὴρου
499 2082 552 2110 pro
572 2071 635 2102 τοῦ
671 2072 811 2115 κυρίου,
831 2074 964 2111 profecta
983 2085 998 2104 e
1023 2075 1188 2105 collatione
1212 2074 1396 2104 scholiorum
1423 2076 1460 2105 ad
1479 2075 1553 2107 Luc.

233 2126 324 2165 lmag.
347 2138 372 2159 c,
403 2126 463 2165 10,
492 2132 521 2155 ct
550 2127 608 2156 Pro
635 2127 730 2167 Imag.
751 2139 777 2159 c.
810 2128 846 2167 l,
865 2130 1013 2168 ejusmodi
1039 2137 1104 2170 est,
1134 2137 1167 2160 ut
1198 2142 1265 2161 cum
1294 2130 1447 2160 Schultzio
1477 2131 1552 2173 (vid.

228 2183 349 2212 adnott.
369 2182 404 2211 ad
422 2182 461 2211 Μ.
481 2183 595 2213 Anton.
615 2183 694 2215 Edit.
717 2184 856 2226 Stereot.)
885 2185 1012 2215 dixerim
1034 2197 1124 2225 prope
1141 2187 1227 2215 nefas
1247 2186 1342 2215 videri
1359 2187 1394 2216 de
1414 2197 1449 2215 ea
1466 2187 1554 2217 dubi-

229 2245 302 2269 tare.
330 2238 418 2267 Conf.
440 2248 526 2276 porro
542 2238 644 2269 Lehm.
669 2240 738 2272 adn.
758 2241 795 2269 ad
814 2240 907 2280 Imag.
926 2241 975 2270 tit.

273 2300 284 2322 l
312 2301 460 2331 Nimirum
490 2303 527 2331 ad
558 2308 673 2341 tempus
702 2303 836 2333 Parthici
869 2305 944 2334 belli
968 2306 1123 2335 referenda
1143 2311 1227 2341 sunt,
1256 2315 1317 2344 quo
1347 2305 1380 2335 L.
1400 2306 1497 2335 Verus
1520 2307 1550 2338 iu

226 2357 348 2387 Oriente
368 2358 436 2387 fuit.

271 2423 284 2445 ²
312 2421 405 2462 Imag.
432 2433 458 2452 c.
486 2421 537 2452 16.
569 2423 729 2466 ποικίλην
749 2424 885 2462 μέντοι,
915 2423 975 2455 καὶ
999 2424 1223 2468 πολύμορφον
1244 2425 1324 2469 (τὴν
1343 2425 1549 2469 παιδείαν),

225 2476 293 2507 infr.
313 2476 352 2508 οὐ
376 2478 442 2522 γὰρ
468 2473 547 2509 ἔσθ’
578 2478 595 2508 ὅ
617 2491 652 2510 τι
670 2481 833 2512 τοιοῦτον
853 2481 888 2512 ἓν
908 2486 981 2517 τοῖς
997 2481 1108 2513 πάλαι
1125 2482 1295 2518 παιδείας·
1319 2482 1398 2526 πέρι
1413 2496 1549 2525 μνημο-

225 2545 382 2565 νευεται.

274 2597 286 2618 3
313 2598 444 2628 Priorem
478 2599 589 2629 librum
621 2611 681 2630 non
710 2601 805 2640 ipsum
835 2613 934 2632 coram
965 2602 1092 2633 muliere
1118 2604 1276 2639 rectia-se,
1298 2605 1348 2634 sed
1378 2605 1408 2634 in
1442 2606 1549 2643 vulgus

226 2653 372 2691 edidisse,
392 2655 456 2684 vid.
483 2655 576 2695 lmag.
603 2668 629 2686 c.
649 2655 701 2686 23.
731 2658 788 2687 Pro
817 2658 910 2698 [mag.
940 2669 966 2689 c.
988 2657 1038 2688 12.
1066 2665 1095 2688 et
1113 2670 1139 2688 c.
1165 2658 1226 2699 1⁴1,
1260 2659 1316 2689 τὸν
1347 2657 1448 2699 λόγον
1474 2659 1546 2701 ἤδη

228 2707 496 2746 διαδεδομένον.
