2013 3496
857 226 910 264 53

235 350 354 391 duxit
394 359 433 391 et
470 353 680 394 Graecum
711 353 754 392 in
788 367 836 393 eo
866 351 1085 407 ingenium
1114 348 1434 405 exquisitissima
1461 357 1549 389 arte

234 427 512 471 adumbravit.
547 430 761 484 Quantum
784 437 925 471 autem
949 427 1132 470 Athenas
1151 427 1346 469 dilexerit
1375 433 1415 468 et
1436 427 1546 466 facto

234 504 389 545 deinde
414 507 617 558 ostendit,
649 520 808 564 quum,
838 507 963 548 misso
991 505 1219 561 sophistico
1253 505 1441 562 negotio,
1471 505 1559 544 illic

234 581 339 623 vitae
365 598 461 625 suae
486 592 525 625 et
555 585 627 626 otii
653 585 792 627 sedem
818 585 957 640 posuit
990 586 1017 626 ¹.

871 948 933 1002 V.

337 1124 387 1155 DE
411 1124 574 1156 CAUSSIS
600 1125 759 1156 RELICTI
787 1125 811 1154 Α
842 1124 1017 1155 LUCIANO
1043 1124 1267 1154 soptflsthl
1296 1122 1441 1153 sTUml.

288 1268 350 1310 Ad
384 1277 496 1310 recte
528 1270 851 1311 existimandum
883 1271 935 1311 de
956 1270 1220 1324 juvenilibus
1253 1270 1430 1311 Luciani
1460 1275 1553 1308 stu-

226 1349 320 1399 diis,
339 1349 478 1404 dequo
503 1365 649 1391 eorum
668 1351 707 1390 vi
734 1351 777 1392 in
804 1351 1080 1405 posteriorem
1106 1350 1195 1403 ejus
1216 1351 1361 1400 vitam,
1385 1348 1551 1402 juvabit

226 1427 350 1468 etiam
380 1427 607 1468 attendisse
635 1428 829 1479 rationes,
864 1436 1034 1483 propter
1056 1443 1160 1485 quas
1192 1427 1429 1469 rhetoricae
1453 1440 1551 1481 pro-

226 1505 394 1546 fessioni
422 1504 634 1547 valedixit.

282 1583 479 1626 Vidimus
497 1616 506 1634 ,
533 1598 628 1624 eum
656 1584 699 1624 in
721 1584 788 1624 Bis
814 1584 1024 1625 Accusato
1045 1581 1317 1624 Rhetoricam
1338 1582 1550 1624 induxisse

225 1661 302 1701 sub
328 1675 507 1715 persona
535 1661 766 1703 derelictae
789 1662 930 1702 uxoris
952 1662 1090 1716 ipsum
1109 1668 1380 1703 accusantem
1399 1656 1439 1711 2;
1462 1659 1550 1713 jam

226 1741 268 1781 in
299 1740 566 1789 defensione,
612 1754 739 1796 quam
781 1755 829 1780 co
865 1740 958 1780 loco
996 1738 1141 1789 dedit,
1175 1738 1373 1793 aequales
1409 1737 1548 1778 rheto-

224 1834 288 1859 res
309 1817 553 1858 assimilavit
571 1817 850 1858 insolentibus
878 1817 1133 1859 amatoribus
1150 1850 1160 1868 ‚
1186 1816 1259 1871 qui
1289 1830 1393 1866 eam,
1423 1829 1547 1872 quam

222 1897 312 1951 ipse
338 1895 528 1952 legitime
555 1894 766 1936 habuisset
791 1929 800 1946 ,
821 1896 926 1936 ebrii
963 1895 1270 1937 adulterassent
1297 1901 1337 1934 et
1364 1907 1547 1948 quorum

224 1975 267 2014 in
306 1973 485 2027 gratiam
532 1971 605 2013 illa
627 2005 636 2022 ‚
682 1972 839 2026 rejecto
885 1972 1053 2013 decenti
1100 1970 1273 2022 habitu,
1316 1984 1401 2025 quo
1449 1970 1545 2011 olim

224 2051 489 2092 ‘Paeaniensis
504 2051 576 2091 ille
601 2049 742 2092 rhetor
761 2066 851 2092 eam
874 2051 1065 2092 indutam
1091 2049 1289 2100 duxisset,
1308 2047 1546 2090 meretricio

224 2143 340 2170 inore
369 2144 519 2170 ornare
549 2144 591 2169 se
625 2136 665 2169 et
689 2129 882 2170 infucare
913 2129 1117 2184 coepisset
1146 2128 1174 2170 ³.
1211 2129 1310 2169 Eam
1339 2127 1547 2168 Lucianus

274 2295 286 2315 1
320 2288 390 2317 vid.
411 2287 596 2317 Athenarum
620 2287 722 2317 laudes
740 2286 770 2315 iu
790 2285 932 2324 Nigrino,
958 2296 984 2315 c.
1000 2282 1040 2313 12
1062 2295 1126 2323 sqq.
1154 2283 1280 2313 Athenis
1300 2283 1331 2312 in
1351 2294 1393 2321 pr.
1416 2288 1546 2322 aguntur

223 2344 377 2384 praecipui
405 2344 470 2381 ejus
498 2342 602 2372 comici
627 2342 757 2381 dialogi3
778 2342 860 2371 conf.
883 2340 980 2371 Wiel.
1003 2339 1057 2369 Th.
1079 2339 1111 2378 I,
1138 2340 1167 2369 S.
1194 2339 1279 2369 XVI.
1315 2339 1432 2369 Patrem
1457 2348 1542 2366 suum

223 2398 385 2429 Samosatis
405 2397 598 2427 arcessivisse
628 2403 657 2426 et
681 2397 760 2426 illue
785 2395 959 2434 deduxisse,
991 2395 1146 2432 probabile
1163 2401 1205 2424 est
1227 2406 1260 2423 ex
1293 2394 1379 2423 Alex.
1404 2405 1428 2422 s.
1448 2393 1544 2422 Pseu-

222 2458 301 2487 dom.
321 2467 347 2486 c.
376 2454 435 2490 56;
458 2454 542 2488 conf,
564 2454 679 2486 Wetzl.
709 2453 745 2482 de
772 2452 843 2482 Luc.
866 2452 946 2490 vita,
974 2463 1000 2489 p,
1032 2450 1083 2481 49.
1104 2450 1162 2481 ἐπὶ
1191 2451 1358 2491 μήκιστον
1385 2449 1451 2479 illio
1475 2459 1540 2478 cum

228 2512 407 2542 Demonacte
420 2515 556 2539 versatus
573 2515 628 2547 est,
650 2509 776 2538 Demon.
803 2508 866 2537 vit.
889 2519 914 2537 c.
942 2507 969 2537 1.
996 2507 1033 2537 In
1058 2507 1184 2546 Navigio
1204 2513 1301 2536 autem
1323 2506 1458 2536 videmus
1476 2515 1542 2534 eum

229 2567 351 2597 Athenis
367 2567 554 2596 habitantem
575 2572 603 2595 et
622 2565 722 2595 Attico
738 2576 792 2595 suo
814 2565 875 2592 otio
892 2565 1021 2597 beatum:
1035 2564 1095 2593 vicl.
1108 2563 1217 2604 passim
1228 2562 1332 2602 Navig.
1344 2568 1371 2592 et
1382 2573 1407 2593 c,
1424 2560 1474 2600 15,
1487 2560 1537 2591 33.

279 2636 293 2651 -’
330 2634 400 2664 vid.
422 2645 502 2675 supr.
523 2646 552 2673 p.
571 2632 621 2663 15.

279 2700 288 2716 ³
332 2703 380 2732 Bi«
404 2702 511 2731 Acone.
536 2713 561 2729 c.
583 2700 635 2729 531.
