2013 3496
1059 261 1107 301 lt}

429 392 583 433 deinde
611 407 652 432 se
678 390 725 431 ad
761 390 936 430 tribules
976 404 1069 429 suos
1106 387 1381 429 adventitium
1414 401 1508 427 eum
1538 386 1748 427 hominem

428 472 657 513 deductum
690 469 823 509 civem
856 466 1018 507 fecisse.
1054 467 1194 518 Quum
1221 480 1316 505 vero
1352 465 1413 504 illi
1447 465 1577 504 visum
1606 465 1750 504 fnisset

425 548 653 591 circumire
685 546 736 588 ad
774 544 1065 586 ostentandam
1097 543 1341 598 nuptiarum
1368 557 1537 583 suarum
1563 542 1750 583 felicita—

429 636 510 669 tem
528 659 537 677 ‚
573 625 823 678 ubicunque
853 637 895 663 se
928 637 1023 662 enm
1054 630 1238 662 secutam
1263 621 1389 661 fnisse
1408 653 1418 668 ‚
1441 635 1603 661 sursum
1626 620 1750 661 deor-

425 720 517 747 sum
542 705 594 746 ab
619 719 666 745 co
690 700 1041 744 circumductam.
1079 702 1128 741 Et
1154 714 1264 755 quae
1288 714 1362 754 per
1383 700 1600 741 Graeciam
1623 707 1751 754 atque

425 782 586 824 loniam
621 781 674 822 ab
715 781 801 835 ipsa
840 780 951 821 sacta
987 785 1123 818 essent
1155 776 1264 819 haec
1305 778 1478 833 quidem
1522 777 1751 819 mediocria

426 874 510 900 csse
533 892 543 911 ,
577 858 648 900 sed
679 872 812 913 quum
843 871 917 912 per
949 856 1113 896 Italiam
1148 856 1414 912 peregrinari
1452 855 1604 906 vellet,
1636 855 1752 897 Ioni-

428 952 499 979 um
532 952 574 978 se
602 937 740 977 sinum
769 950 865 976 cum
900 950 948 975 co
991 935 1234 990 trajecisse,
1268 934 1453 989 denique
1487 933 1528 974 in
1552 932 1752 975 Celticam

429 1030 563 1071 usque
593 1030 689 1056 eum
725 1015 965 1056 comitatam
1006 1013 1159 1063 fuisse,
1213 1020 1341 1067 atque
1385 1012 1475 1053 illic
1516 1011 1753 1065 locupleta-

429 1094 548 1134 visse.
594 1093 721 1134 Illum
750 1106 848 1132 vero
880 1098 1102 1145 postquam
1138 1092 1196 1131 rci
1227 1098 1267 1131 et
1306 1091 1466 1146 gloriae
1502 1089 1616 1145 quod
1660 1089 1755 1129 satis

430 1179 535 1213 esset
557 1203 566 1221 ,
601 1184 767 1226 parasse
798 1169 878 1209 sibi
915 1168 1143 1218 videretur,
1179 1168 1353 1208 sublatis
1375 1168 1614 1223 superciliis
1636 1166 1755 1209 dese—

432 1249 562 1289 ruisse
602 1261 774 1288 uxorem
817 1254 857 1287 ct
907 1246 957 1287 ad
1004 1246 1227 1286 barbatum
1276 1245 1572 1300 Philosophiae
1619 1246 1753 1286 filium

432 1326 656 1379 Dialogum
690 1332 904 1379 tamquam
938 1324 988 1364 ad
1022 1324 1224 1364 amasium
1258 1324 1564 1365 concessisse.»

494 1405 647 1445 Elucet
678 1417 725 1443 ex
756 1402 896 1452 hisee,
935 1402 977 1442 ni
1009 1402 1157 1452 fallor,
1196 1409 1280 1441 tuin
1320 1402 1364 1442 in
1393 1402 1549 1457 quibus
1577 1403 1756 1444 maxime

435 1482 680 1538 regionibus
716 1480 886 1533 juvenis
927 1480 1136 1521 Lueianns
1187 1488 1371 1520 versatus
1416 1481 1545 1522 fuerit
1582 1493 1621 1532 1,
1666 1489 1755 1522 tum

435 1576 532 1602 vero
570 1575 665 1601 eum
706 1559 794 1612 jam
835 1557 877 1598 in
909 1558 1087 1600 Graecia
1116 1567 1155 1599 et
1185 1558 1300 1599 [onia
1340 1557 1610 1613 sophisticam
1641 1574 1758 1600 exer—

433 1641 584 1680 cuisse.
634 1640 776 1693 Ipsum
827 1639 938 1679 enim
999 1636 1207 1692 sophistae
1253 1638 1335 1678 suit
1365 1644 1630 1692 περινοστεῖν
1667 1641 1757 1680 ἐπι-

437 1718 896 1772 δειξόμενον-πολλοὺς
939 1720 1010 1758 καὶ
1051 1719 1322 1771 θαυμασίους
1361 1717 1513 1768 λόγους
1540 1731 1570 1759 2.
1611 1719 1759 1772 Neque

435 1797 692 1839 levissimum
723 1795 1078 1851 deprehendimus
1104 1795 1346 1851 vestigium,
1367 1794 1479 1836 unde
1509 1796 1758 1852 colligamus

436 1876 693 1926 Lucianum,
729 1888 863 1930 quum
889 1875 931 1915 in
968 1873 1134 1914 Italiam
1167 1881 1206 1913 et
1241 1872 1423 1914 Galliam
1452 1873 1656 1929 migraret
1684 1888 1758 1914 no-

439 1970 533 1996 vum
572 1954 789 2010 quoddam
831 1953 940 1994 vitae
979 1952 1201 1993 consilium
1239 1959 1278 1992 et
1308 1967 1441 2008 genus
1473 1951 1756 2003 inchoavisse3

484 2101 495 2119 1
524 2099 592 2129 Non
618 2098 754 2138 singulae
779 2098 898 2136 quidem
930 2108 947 2126 a
978 2097 1112 2127 Luciano
1131 2105 1304 2138 peragratae
1330 2099 1465 2139 regiones
1484 2100 1515 2129 in
1535 2099 1586 2129 Bis
1606 2102 1677 2131 Ace.
1703 2099 1760 2129 l.l,

435 2154 614 2184 nominatim
636 2158 864 2183 enumerantur.
884 2152 930 2182 Ita
947 2163 994 2183 ex.
1013 2165 1059 2188 c.‚
1089 2154 1127 2183 ob
1147 2155 1291 2185 Graeciae
1316 2156 1442 2185 sortasse
1467 2156 1672 2195 vicinitatem,
1700 2165 1761 2185 non

435 2216 619 2240 memoratur
634 2209 809 2239 Macedonia
824 2219 831 2244 ;
849 2209 902 2238 ubi
922 2209 1108 2248 sophisticas
1124 2211 1319 2242 recitationes
1331 2223 1398 2241 eum
1418 2212 1582 2251 habuisse,
1601 2218 1758 2251 postquam

430 2268 495 2306 jam
514 2266 545 2295 in
566 2265 658 2296 Italia
673 2265 796 2305 suisset,
820 2271 900 2304 patet
914 2277 950 2295 ex
964 2265 1071 2298 Herod.
1086 2278 1109 2296 S.
1127 2266 1258 2296 Aetione
1271 2278 1316 2306 ‚c-
1335 2266 1354 2297 7
1367 2266 1445 2302 et53
1463 2273 1491 2297 et
1510 2267 1614 2307 Scyth.
1627 2278 1650 2299 s,
1667 2267 1760 2305 Hosp.

434 2334 460 2352 e.
479 2321 510 2353 9.
532 2322 750 2353 Verumtamen
767 2323 882 2362 majora
903 2328 984 2352 certe
1002 2322 1112 2352 itinera
1127 2323 1279 2363 designari
1295 2324 1448 2355 videntur.
1482 2323 1519 2353 In
1540 2323 1761 2354 constituendis·

435 2385 534 2408 antem
556 2379 684 2419 singulis
710 2379 852 2409 itinerum
877 2379 1064 2417 temporibus
1093 2390 1154 2409 non
1176 2380 1240 2411 sine
1258 2381 1354 2409 multa
1372 2380 1540 2410 temeritate
1561 2379 1760 2417 Wiela11‹lne‚

439 2436 578 2466 Struvius
597 2442 627 2466 et
647 2437 826 2466 Wetzlarus
846 2435 957 2465 versati
976 2442 1059 2468 sunt.

478 2500 492 2516 2
519 2500 556 2529 In
589 2500 657 2539 his,
686 2506 789 2538 utpote
817 2498 997 2529 Rhetoricae
1024 2500 1111 2538 dote,
1134 2499 1191 2529 sita
1212 2506 1275 2529 erat
1298 2499 1362 2529 τοῦ
1383 2498 1496 2539 γάμου
1516 2498 1537 2539 ἡ
1556 2498 1735 2537 effrontis:
1754 2524 1761 2537 ‚

430 2554 481 2584 Bis
500 2554 574 2584 Ace.
602 2566 629 2584 c.
656 2553 710 2585 27.
735 2555 822 2584 Conf.
853 2553 957 2593 Scyth.
980 2565 1003 2583 s.
1022 2554 1114 2593 Ilosp.
1141 2566 1167 2584 c.
1196 2554 1246 2585 10.
1268 2555 1309 2585 τὸ
1331 2554 1450 2589 δεῖξαι
1465 2553 1536 2584 τῶν
1557 2552 1758 2594 λόγων-τίοι

430 2610 498 2653 γὰρ
522 2608 567 2640 ἂν
597 2608 714 2645 ἄλλοις
738 2607 862 2644 ἔδειξα
881 2610 990 2650 σιωπῇ
1010 2608 1238 2652 παροδεύσας
1254 2609 1474 2651 τηλικαύτην
1491 2608 1619 2644 πύλης
1647 2610 1754 2640 Herod.

431 2678 454 2694 s.
482 2666 605 2696 Aetion.
626 2677 651 2695 e.
672 2665 709 2703 7,
731 2664 787 2696 ὅτι
804 2663 980 2700 ’πλείστοις
1001 2665 1121 2700 δεῖξαι,
1140 2664 1248 2703 τάμά.
1269 2666 1412 2696 Hannon.
1432 2677 1457 2696 c.
1480 2665 1519 2703 7,
1534 2666 1705 2707 δημόσιόν
1722 2680 1757 2699 τι

429 2718 718 2757 ἐπιδεικνύμενοι.
740 2738 764 2742 -
783 2718 1036 2761 ἒ,’τιδ«τικτί’·,ιιην
1054 2718 1138 2754 τοὺς
1151 2717 1281 2759 λόγους.
1307 2720 1350 2750 De
1371 2721 1596 2763 Domoqoecn),
1611 2733 1636 2751 c.
1649 2721 1684 2752 3.
1702 2720 1752 2751 14.
