2013 3496
1061 263 1083 300 4

423 390 642 439 conscius,
679 397 818 429 tamen
849 396 1022 429 conatus
1055 404 1144 430 suin
1179 405 1270 430 eam
1303 391 1407 430 viani
1440 391 1630 444 ingredi,
1661 405 1743 447 qua

421 467 546 507 unice
576 465 628 506 ad
672 465 886 505 veritatem
925 467 1135 519 perveniri
1163 474 1311 521 potest.
1346 468 1447 508 Nam
1478 468 1668 522 profecto
1700 469 1742 508 in

420 543 593 584 Luciani
639 542 802 597 scriptis
848 550 959 584 tanta
1005 552 1065 585 est
1112 546 1415 585 sententiarum
1453 547 1572 600 copia
1613 553 1741 602 atque

420 621 621 671 varietas,
668 628 715 662 ut
754 621 989 663 cavendum
1034 638 1292 679 magnopere
1339 624 1417 673 sit,
1465 639 1516 664 ne
1563 639 1610 664 ex
1653 639 1741 665 uno

416 700 559 758 aliquo
607 701 795 757 quamvis
819 701 974 741 illustri
1006 702 1099 741 loco
1143 701 1192 742 de
1226 701 1315 755 ejus
1356 702 1528 757 ingenio
1570 702 1738 743 studiis-

416 793 499 835 que
522 778 791 832 judicemus:
826 779 910 818 imo
942 794 1036 819 vero
1067 786 1148 821 tam
1184 780 1410 836 singularis
1449 780 1539 833 ejus
1576 781 1738 822 indoles

416 857 523 908 fuit,
558 864 603 897 ut
635 857 923 912 periculosum
957 858 1029 910 sit,
1066 859 1268 900 continuo
1307 873 1403 899 eum
1430 859 1650 900 aestimare
1677 873 1738 899 sc-

415 935 602 994 cundum
631 936 857 993 quamdam
890 936 1008 976 nobis
1039 946 1108 977 aut
1139 937 1304 978 insitam
1331 945 1404 978 aut
1434 937 1740 978 consuetudine

414 1014 629 1069 propriam
668 1028 858 1055 normam
902 1015 1181 1068 praestantiae
1219 1014 1516 1069 ponderandae
1552 1015 1613 1055 vel
1653 1014 1740 1055 vitii

415 1091 767 1146 reprehendendi.
802 1092 897 1146 Ipsa
926 1091 1002 1131 viri
1027 1091 1182 1146 scripta
1210 1090 1438 1133 evolvenda
1470 1100 1593 1133 sunt:
1638 1107 1739 1133 con-

415 1172 553 1221 timue,
589 1170 796 1226 numquid
826 1171 915 1225 ipse
944 1169 1188 1219 tradiderit,
1218 1186 1263 1211 ex
1292 1186 1376 1227 quo
1413 1172 1475 1212 vel
1503 1171 1736 1214 studiorum

413 1247 501 1301 ejus
533 1249 724 1289 notitiam
756 1263 986 1304 quaerere,
1026 1249 1089 1288 vel
1121 1248 1342 1301 cujusdam
1374 1250 1417 1290 in
1454 1249 1502 1289 iis
1533 1250 1740 1290 varietatis

413 1334 452 1366 et
495 1326 741 1367 mutationis
774 1333 916 1367 notam
963 1326 1127 1366 efficere
1168 1326 1320 1377 liccat,
1367 1325 1738 1382 investigandum:

412 1412 500 1445 tum
526 1404 692 1461 singula
713 1405 870 1459 scripta
900 1404 959 1444 ita
990 1404 1263 1445 examinanda
1290 1412 1330 1445 ct
1359 1405 1468 1445 inter
1490 1419 1532 1445 sc
1565 1418 1736 1459 compa-

412 1482 541 1525 randa
562 1517 571 1534 ,
606 1491 653 1524 ut
681 1482 950 1536 illijudicio‚
984 1482 1105 1535 cujus
1138 1497 1328 1524 normam
1358 1483 1410 1524 ab
1445 1484 1534 1538 ipso
1560 1498 1739 1538 accepe-

411 1561 541 1602 rimus
595 1560 892 1615 subjiciantur.
941 1562 1010 1602 Sic
1058 1561 1197 1617 imago
1236 1561 1325 1615 ejus
1375 1562 1516 1619 effingi
1554 1562 1735 1617 poterit:

410 1654 519 1694 quae
546 1639 580 1680 si
611 1640 784 1679 fortasse
812 1640 989 1694 ποικίλη
1019 1640 1122 1689 erit,
1159 1647 1297 1680 tamen
1324 1647 1368 1679 ut
1401 1654 1493 1681 vera
1529 1641 1605 1687 sit,
1642 1655 1734 1680 ma—

409 1733 596 1773 gnopere
625 1718 928 1761 laborabimus.

468 1797 637 1839 Exstitit
660 1806 822 1847 autem,
851 1806 898 1839 ut
928 1799 1182 1850 videbimus,
1206 1800 1248 1840 in
1272 1800 1457 1841 Luciano
1475 1799 1553 1840 sub
1575 1812 1733 1840 annum

405 1876 551 1917 aetatis
575 1877 644 1917 XL
669 1877 905 1918 studiorum
938 1879 1225 1919 commutatio.
1261 1879 1379 1931 Quae
1409 1877 1545 1934 qualis
1578 1877 1732 1926 fuerit,

406 1955 648 2012 quibusque
684 1955 728 1996 in
758 1956 883 1997 rebus
916 1964 1098 1997 versatus
1136 1957 1265 1997 fuerit
1303 1971 1463 2012 quaeve
1492 1963 1587 1996 ante
1627 1955 1730 1995 illud

406 2041 570 2087 tempus
601 2033 844 2088 scripserit,
881 2035 1179 2090 explicandum
1214 2043 1303 2085 est,
1338 2042 1384 2074 ut
1421 2034 1575 2075 deinde
1605 2033 1734 2089 possit

407 2112 666 2153 luculentius
692 2114 869 2167 exponi,
900 2129 1009 2170 quae
1034 2114 1264 2168 perfecerit
1282 2121 1440 2167 postea.
1473 2113 1586 2153 Haec
1604 2126 1728 2168 ergo,

405 2204 531 2246 quam
556 2189 644 2243 jam
685 2190 875 2241 edimus,
910 2191 1148 2232 dissertatio
1189 2199 1249 2232 est
1280 2191 1331 2231 de
1371 2190 1547 2231 Luciani
1581 2189 1730 2230 studiis

403 2268 657 2327 scriptisque
679 2268 970 2322 juvenilibus:
1001 2284 1120 2324 pars,
1150 2277 1195 2310 ut
1221 2284 1458 2324 speramus,
1490 2276 1631 2323 postea
1659 2268 1725 2308 su-

406 2356 497 2388 tura
533 2347 838 2404 disquisitionis
883 2348 934 2389 de
982 2348 1199 2400 Luciano,
1241 2347 1380 2404 deque
1421 2346 1593 2402 proprio
1636 2345 1727 2398 ejus

404 2425 617 2467 scribendi
643 2441 823 2481 genere,
857 2427 1032 2467 consilio
1069 2435 1108 2467 et
1139 2427 1358 2467 sententia.
