<?xml version="1.0" encoding="UTF-8"?>
<!DOCTYPE html PUBLIC "-//W3C//DTD XHTML 1.0 Transitional//EN"
    "http://www.w3.org/TR/xhtml1/DTD/xhtml1-transitional.dtd">
<html xmlns="http://www.w3.org/1999/xhtml" xml:lang="en" lang="en">
 <head>
  <title>
</title>
<meta http-equiv="Content-Type" content="text/html;charset=utf-8" />
  <meta name='ocr-system' content='tesseract 3.04.00' />
  <meta name='ocr-capabilities' content='ocr_page ocr_carea ocr_par ocr_line ocrx_word'/>
</head>
<body>
  <div class='ocr_page' id='page_1' title='image "./dissertatioliter00meesuoft_0013.png"; bbox 0 0 2013 3496; ppageno 0'>
   <div class='ocr_carea' id='block_1_1' title="bbox 894 297 918 334">
    <p class='ocr_par' dir='ltr' id='par_1_1' title="bbox 894 297 918 334">
     <span class='ocr_line' id='line_1_1' title="bbox 894 297 918 334; baseline 0.083 -2"><span class='ocrx_word' id='word_1_1' title='bbox 894 297 918 334; x_wconf 80' lang='lat'>3</span> 
     </span>
    </p>
   </div>
   <div class='ocr_carea' id='block_1_2' title="bbox 239 421 1581 2584">
    <p class='ocr_par' dir='ltr' id='par_1_2' title="bbox 239 421 1570 1490">
     <span class='ocr_line' id='line_1_2' title="bbox 241 421 1560 479; baseline -0.001 -15"><span class='ocrx_word' id='word_1_2' title='bbox 241 421 444 464; x_wconf 84' lang='lat' dir='ltr'>mundum</span> <span class='ocrx_word' id='word_1_3' title='bbox 490 436 637 478; x_wconf 80' lang='lat' dir='ltr'>regere</span> <span class='ocrx_word' id='word_1_4' title='bbox 676 423 820 463; x_wconf 70' lang='lat' dir='ltr'>voluit.</span> <span class='ocrx_word' id='word_1_5' title='bbox 862 422 1034 463; x_wconf 83' lang='lat' dir='ltr'>Scilicet</span> <span class='ocrx_word' id='word_1_6' title='bbox 1067 424 1219 464; x_wconf 86' lang='lat' dir='ltr'>artium</span> <span class='ocrx_word' id='word_1_7' title='bbox 1257 423 1560 479; x_wconf 69' lang='lat' dir='ltr'>literarumque</span> 
     </span>
     <span class='ocr_line' id='line_1_3' title="bbox 239 498 1559 556; baseline -0.001 -15"><span class='ocrx_word' id='word_1_8' title='bbox 239 500 430 554; x_wconf 84' lang='lat' dir='ltr'>exempla</span> <span class='ocrx_word' id='word_1_9' title='bbox 477 500 530 540; x_wconf 90' lang='lat' dir='ltr'>ab</span> <span class='ocrx_word' id='word_1_10' title='bbox 570 501 754 556; x_wconf 78' lang='lat' dir='ltr'>antiquis</span> <span class='ocrx_word' id='word_1_11' title='bbox 795 498 976 555; x_wconf 87' lang='lat' dir='ltr'>petenda</span> <span class='ocrx_word' id='word_1_12' title='bbox 1010 515 1096 540; x_wconf 87' lang='lat' dir='ltr'>esse</span> <span class='ocrx_word' id='word_1_13' title='bbox 1136 499 1264 550; x_wconf 77' lang='lat' dir='ltr'>vidit,</span> <span class='ocrx_word' id='word_1_14' title='bbox 1305 514 1383 541; x_wconf 85' lang='lat' dir='ltr'>nec</span> <span class='ocrx_word' id='word_1_15' title='bbox 1420 507 1559 542; x_wconf 83' lang='lat' dir='ltr'>tamen</span> 
     </span>
     <span class='ocr_line' id='line_1_4' title="bbox 240 577 1563 634; baseline -0.001 -15"><span class='ocrx_word' id='word_1_16' title='bbox 240 585 448 619; x_wconf 85' lang='lat' dir='ltr'>mutatum</span> <span class='ocrx_word' id='word_1_17' title='bbox 483 577 572 631; x_wconf 86' lang='lat' dir='ltr'>jam</span> <span class='ocrx_word' id='word_1_18' title='bbox 617 593 758 619; x_wconf 90' lang='lat' dir='ltr'>rerum</span> <span class='ocrx_word' id='word_1_19' title='bbox 796 578 940 619; x_wconf 87' lang='lat' dir='ltr'>orbem</span> <span class='ocrx_word' id='word_1_20' title='bbox 972 579 1014 619; x_wconf 91' lang='lat' dir='ltr'>in</span> <span class='ocrx_word' id='word_1_21' title='bbox 1054 578 1306 634; x_wconf 78' lang='lat' dir='ltr'>antiquitate</span> <span class='ocrx_word' id='word_1_22' title='bbox 1337 578 1563 619; x_wconf 67' lang='lat' dir='ltr'><strong>consistere</strong></span> 
     </span>
     <span class='ocr_line' id='line_1_5' title="bbox 240 655 1563 712; baseline -0.002 -14"><span class='ocrx_word' id='word_1_23' title='bbox 240 656 412 698; x_wconf 87' lang='lat' dir='ltr'>debere.</span> <span class='ocrx_word' id='word_1_24' title='bbox 449 657 498 697; x_wconf 82' lang='lat' dir='ltr'>Et</span> <span class='ocrx_word' id='word_1_25' title='bbox 522 656 612 710; x_wconf 87' lang='lat' dir='ltr'>ipse</span> <span class='ocrx_word' id='word_1_26' title='bbox 643 664 780 697; x_wconf 88' lang='lat' dir='ltr'>tamen</span> <span class='ocrx_word' id='word_1_27' title='bbox 806 670 892 697; x_wconf 92' lang='lat' dir='ltr'>non</span> <span class='ocrx_word' id='word_1_28' title='bbox 922 655 1157 696; x_wconf 78' lang='lat' dir='ltr'>eruditione</span> <span class='ocrx_word' id='word_1_29' title='bbox 1178 663 1341 697; x_wconf 87' lang='lat' dir='ltr'>tantum</span> <span class='ocrx_word' id='word_1_30' title='bbox 1370 656 1563 712; x_wconf 86' lang='lat' dir='ltr'>antiquos</span> 
     </span>
     <span class='ocr_line' id='line_1_6' title="bbox 242 733 1565 791; baseline 0.001 -17"><span class='ocrx_word' id='word_1_31' title='bbox 242 733 490 788; x_wconf 86' lang='lat' dir='ltr'>complexus</span> <span class='ocrx_word' id='word_1_32' title='bbox 517 741 593 784; x_wconf 80' lang='lat' dir='ltr'>est,</span> <span class='ocrx_word' id='word_1_33' title='bbox 616 733 687 774; x_wconf 89' lang='lat' dir='ltr'>sed</span> <span class='ocrx_word' id='word_1_34' title='bbox 710 734 792 774; x_wconf 88' lang='lat' dir='ltr'>fuit</span> <span class='ocrx_word' id='word_1_35' title='bbox 834 734 1005 790; x_wconf 82' lang='lat' dir='ltr'>ingenio</span> <span class='ocrx_word' id='word_1_36' title='bbox 1030 748 1201 791; x_wconf 89' lang='lat' dir='ltr'>quoque</span> <span class='ocrx_word' id='word_1_37' title='bbox 1225 740 1410 775; x_wconf 87' lang='lat' dir='ltr'>vetustae</span> <span class='ocrx_word' id='word_1_38' title='bbox 1431 734 1565 775; x_wconf 86' lang='lat' dir='ltr'>Grae-</span> 
     </span>
     <span class='ocr_line' id='line_1_7' title="bbox 242 810 1565 868; baseline 0 -16"><span class='ocrx_word' id='word_1_39' title='bbox 242 811 332 852; x_wconf 88' lang='lat' dir='ltr'>ciae</span> <span class='ocrx_word' id='word_1_40' title='bbox 353 825 443 865; x_wconf 85' lang='lat' dir='ltr'>par.</span> <span class='ocrx_word' id='word_1_41' title='bbox 478 810 606 864; x_wconf 83' lang='lat' dir='ltr'>Cujus</span> <span class='ocrx_word' id='word_1_42' title='bbox 635 811 808 868; x_wconf 88' lang='lat' dir='ltr'>quidem</span> <span class='ocrx_word' id='word_1_43' title='bbox 838 811 929 852; x_wconf 87' lang='lat' dir='ltr'>laus</span> <span class='ocrx_word' id='word_1_44' title='bbox 955 811 987 851; x_wconf 86' lang='lat' dir='ltr'>si</span> <span class='ocrx_word' id='word_1_45' title='bbox 1011 818 1052 851; x_wconf 89' lang='lat' dir='ltr'>et</span> <span class='ocrx_word' id='word_1_46' title='bbox 1079 810 1333 852; x_wconf 80' lang='lat' dir='ltr'>inveniendo</span> <span class='ocrx_word' id='word_1_47' title='bbox 1368 819 1409 852; x_wconf 91' lang='lat' dir='ltr'>et</span> <span class='ocrx_word' id='word_1_48' title='bbox 1437 812 1565 866; x_wconf 88' lang='lat' dir='ltr'>perfi-</span> 
     </span>
     <span class='ocr_line' id='line_1_8' title="bbox 241 888 1563 942; baseline 0 -12"><span class='ocrx_word' id='word_1_49' title='bbox 241 888 391 930; x_wconf 85' lang='lat' dir='ltr'>ciendo</span> <span class='ocrx_word' id='word_1_50' title='bbox 418 889 627 930; x_wconf 84' lang='lat' dir='ltr'>censenda</span> <span class='ocrx_word' id='word_1_51' title='bbox 651 890 800 930; x_wconf 86' lang='lat' dir='ltr'>merito</span> <span class='ocrx_word' id='word_1_52' title='bbox 829 897 890 930; x_wconf 88' lang='lat' dir='ltr'>est</span> <span class='ocrx_word' id='word_1_53' title='bbox 907 922 916 937; x_wconf 79' lang='grc'><em>,</em></span> <span class='ocrx_word' id='word_1_54' title='bbox 951 903 1051 930; x_wconf 86' lang='lat' dir='ltr'>ecce</span> <span class='ocrx_word' id='word_1_55' title='bbox 1069 922 1078 939; x_wconf 89' lang='lat'><strong>‚</strong></span> <span class='ocrx_word' id='word_1_56' title='bbox 1104 889 1335 942; x_wconf 82' lang='lat' dir='ltr'>Lucianus,</span> <span class='ocrx_word' id='word_1_57' title='bbox 1369 897 1454 932; x_wconf 85' lang='lat' dir='ltr'>tam</span> <span class='ocrx_word' id='word_1_58' title='bbox 1476 905 1563 931; x_wconf 87' lang='lat' dir='ltr'>sera</span> 
     </span>
     <span class='ocr_line' id='line_1_9' title="bbox 241 966 1562 1022; baseline 0.002 -16"><span class='ocrx_word' id='word_1_59' title='bbox 241 971 401 1015; x_wconf 75' lang='lat' dir='ltr'>aetate,</span> <span class='ocrx_word' id='word_1_60' title='bbox 448 972 563 1006; x_wconf 88' lang='lat' dir='ltr'>tanto</span> <span class='ocrx_word' id='word_1_61' title='bbox 599 980 741 1006; x_wconf 87' lang='lat' dir='ltr'>rerum</span> <span class='ocrx_word' id='word_1_62' title='bbox 785 973 826 1006; x_wconf 88' lang='lat' dir='ltr'>et</span> <span class='ocrx_word' id='word_1_63' title='bbox 868 980 966 1006; x_wconf 80' lang='lat' dir='ltr'>vero</span> <span class='ocrx_word' id='word_1_64' title='bbox 1003 966 1274 1022; x_wconf 85' lang='lat' dir='ltr'>ingeniorum</span> <span class='ocrx_word' id='word_1_65' title='bbox 1316 967 1562 1015; x_wconf 78' lang='lat' dir='ltr'>intervallo,</span> 
     </span>
     <span class='ocr_line' id='line_1_10' title="bbox 246 1043 1567 1101; baseline 0.002 -18"><span class='ocrx_word' id='word_1_66' title='bbox 246 1043 342 1084; x_wconf 87' lang='lat' dir='ltr'>novi</span> <span class='ocrx_word' id='word_1_67' title='bbox 371 1043 453 1083; x_wconf 87' lang='lat' dir='ltr'>fuit</span> <span class='ocrx_word' id='word_1_68' title='bbox 478 1043 691 1084; x_wconf 87' lang='lat' dir='ltr'>scribendi</span> <span class='ocrx_word' id='word_1_69' title='bbox 716 1045 880 1099; x_wconf 81' lang='lat' dir='ltr'>generis</span> <span class='ocrx_word' id='word_1_70' title='bbox 913 1051 1076 1100; x_wconf 69' lang='lat' dir='ltr'>auctor,</span> <span class='ocrx_word' id='word_1_71' title='bbox 1109 1051 1237 1101; x_wconf 84' lang='lat' dir='ltr'>atque</span> <span class='ocrx_word' id='word_1_72' title='bbox 1261 1043 1466 1098; x_wconf 90' lang='lat' dir='ltr'>ejusmodi</span> <span class='ocrx_word' id='word_1_73' title='bbox 1494 1060 1567 1101; x_wconf 83' lang='lat' dir='ltr'>ge-</span> 
     </span>
     <span class='ocr_line' id='line_1_11' title="bbox 246 1120 1568 1177; baseline 0.002 -16"><span class='ocrx_word' id='word_1_74' title='bbox 246 1124 356 1162; x_wconf 89' lang='lat' dir='ltr'>neris</span> <span class='ocrx_word' id='word_1_75' title='bbox 375 1154 385 1171; x_wconf 89' lang='lat'><strong><em>‚</em></strong></span> <span class='ocrx_word' id='word_1_76' title='bbox 421 1120 534 1177; x_wconf 90' lang='lat' dir='ltr'>quod</span> <span class='ocrx_word' id='word_1_77' title='bbox 554 1121 607 1163; x_wconf 87' lang='lat' dir='ltr'>ad</span> <span class='ocrx_word' id='word_1_78' title='bbox 624 1129 814 1163; x_wconf 88' lang='lat' dir='ltr'>veterum</span> <span class='ocrx_word' id='word_1_79' title='bbox 845 1123 1144 1177; x_wconf 78' lang='lat' dir='ltr'>praestantiam</span> <span class='ocrx_word' id='word_1_80' title='bbox 1165 1122 1403 1164; x_wconf 74' lang='lat' dir='ltr'>accederet.</span> <span class='ocrx_word' id='word_1_81' title='bbox 1435 1123 1568 1165; x_wconf 90' lang='lat' dir='ltr'>Comi-</span> 
     </span>
     <span class='ocr_line' id='line_1_12' title="bbox 245 1199 1570 1257; baseline 0 -18"><span class='ocrx_word' id='word_1_82' title='bbox 245 1212 343 1239; x_wconf 86' lang='lat' dir='ltr'>cum</span> <span class='ocrx_word' id='word_1_83' title='bbox 374 1199 486 1239; x_wconf 89' lang='lat' dir='ltr'>enim</span> <span class='ocrx_word' id='word_1_84' title='bbox 527 1199 751 1256; x_wconf 88' lang='lat' dir='ltr'>Dialogum</span> <span class='ocrx_word' id='word_1_85' title='bbox 785 1200 878 1257; x_wconf 90' lang='lat' dir='ltr'>quis</span> <span class='ocrx_word' id='word_1_86' title='bbox 903 1206 1000 1240; x_wconf 85' lang='lat' dir='ltr'>ante</span> <span class='ocrx_word' id='word_1_87' title='bbox 1027 1199 1261 1241; x_wconf 88' lang='lat' dir='ltr'>Lucianum</span> <span class='ocrx_word' id='word_1_88' title='bbox 1291 1200 1486 1255; x_wconf 81' lang='lat' dir='ltr'>scripsit?</span> <span class='ocrx_word' id='word_1_89' title='bbox 1518 1201 1570 1241; x_wconf 75' lang='lat' dir='ltr'>Et.</span> 
     </span>
     <span class='ocr_line' id='line_1_13' title="bbox 248 1278 1569 1328; baseline 0.002 -10"><span class='ocrx_word' id='word_1_90' title='bbox 248 1286 388 1318; x_wconf 87' lang='lat' dir='ltr'>tamen</span> <span class='ocrx_word' id='word_1_91' title='bbox 436 1285 593 1319; x_wconf 82' lang='lat' dir='ltr'>tantam</span> <span class='ocrx_word' id='word_1_92' title='bbox 637 1279 797 1320; x_wconf 88' lang='lat' dir='ltr'>formae</span> <span class='ocrx_word' id='word_1_93' title='bbox 849 1279 1076 1320; x_wconf 84' lang='lat' dir='ltr'>novitatem</span> <span class='ocrx_word' id='word_1_94' title='bbox 1095 1311 1105 1328; x_wconf 88' lang='lat'>‚</span> <span class='ocrx_word' id='word_1_95' title='bbox 1152 1285 1312 1320; x_wconf 84' lang='lat' dir='ltr'>tantam</span> <span class='ocrx_word' id='word_1_96' title='bbox 1356 1278 1569 1320; x_wconf 84' lang='lat' dir='ltr'>scribendi</span> 
     </span>
     <span class='ocr_line' id='line_1_14' title="bbox 251 1355 1570 1414; baseline 0.004 -19"><span class='ocrx_word' id='word_1_97' title='bbox 251 1356 546 1410; x_wconf 82' lang='lat' dir='ltr'>praestantiam</span> <span class='ocrx_word' id='word_1_98' title='bbox 587 1355 754 1406; x_wconf 72' lang='lat' dir='ltr'>videns,</span> <span class='ocrx_word' id='word_1_99' title='bbox 788 1357 881 1412; x_wconf 90' lang='lat' dir='ltr'>quis</span> <span class='ocrx_word' id='word_1_100' title='bbox 930 1371 1015 1398; x_wconf 92' lang='lat' dir='ltr'>non</span> <span class='ocrx_word' id='word_1_101' title='bbox 1051 1356 1288 1407; x_wconf 86' lang='lat' dir='ltr'>Platonem,</span> <span class='ocrx_word' id='word_1_102' title='bbox 1325 1357 1570 1414; x_wconf 86' lang='lat' dir='ltr'>Aristopha-</span> 
     </span>
     <span class='ocr_line' id='line_1_15' title="bbox 249 1433 1455 1490; baseline 0.002 -17"><span class='ocrx_word' id='word_1_103' title='bbox 249 1447 364 1484; x_wconf 89' lang='lat' dir='ltr'>nem,</span> <span class='ocrx_word' id='word_1_104' title='bbox 398 1433 735 1475; x_wconf 87' lang='lat' dir='ltr'>florentissimam</span> <span class='ocrx_word' id='word_1_105' title='bbox 763 1434 968 1476; x_wconf 84' lang='lat' dir='ltr'>Graeciae</span> <span class='ocrx_word' id='word_1_106' title='bbox 991 1441 1240 1475; x_wconf 88' lang='lat' dir='ltr'>vetustatem</span> <span class='ocrx_word' id='word_1_107' title='bbox 1268 1434 1455 1490; x_wconf 82' lang='lat' dir='ltr'>cogitat?</span> 
     </span>
    </p>

    <p class='ocr_par' dir='ltr' id='par_1_3' title="bbox 248 1511 1581 2584">
     <span class='ocr_line' id='line_1_16' title="bbox 309 1511 1572 1570; baseline 0.003 -19"><span class='ocrx_word' id='word_1_108' title='bbox 309 1511 369 1551; x_wconf 89' lang='lat' dir='ltr'>De</span> <span class='ocrx_word' id='word_1_109' title='bbox 408 1518 525 1552; x_wconf 85' lang='lat' dir='ltr'>tanto</span> <span class='ocrx_word' id='word_1_110' title='bbox 568 1518 653 1552; x_wconf 88' lang='lat' dir='ltr'>tam</span> <span class='ocrx_word' id='word_1_111' title='bbox 695 1512 899 1568; x_wconf 79' lang='lat' dir='ltr'>singulari</span> <span class='ocrx_word' id='word_1_112' title='bbox 946 1513 1033 1553; x_wconf 74' lang='lat' dir='ltr'>viro</span> <span class='ocrx_word' id='word_1_113' title='bbox 1074 1512 1259 1553; x_wconf 87' lang='lat' dir='ltr'>scribere</span> <span class='ocrx_word' id='word_1_114' title='bbox 1301 1514 1490 1570; x_wconf 88' lang='lat' dir='ltr'>quamvis</span> <span class='ocrx_word' id='word_1_115' title='bbox 1520 1515 1572 1555; x_wconf 88' lang='lat' dir='ltr'>sit</span> 
     </span>
     <span class='ocr_line' id='line_1_17' title="bbox 249 1589 1575 1639; baseline 0.002 -9"><span class='ocrx_word' id='word_1_116' title='bbox 249 1589 448 1639; x_wconf 80' lang='lat' dir='ltr'>difficile,</span> <span class='ocrx_word' id='word_1_117' title='bbox 483 1589 603 1630; x_wconf 89' lang='lat' dir='ltr'>nobis</span> <span class='ocrx_word' id='word_1_118' title='bbox 643 1597 784 1631; x_wconf 84' lang='lat' dir='ltr'>tamen</span> <span class='ocrx_word' id='word_1_119' title='bbox 823 1589 1062 1631; x_wconf 86' lang='lat' dir='ltr'>difficultati</span> <span class='ocrx_word' id='word_1_120' title='bbox 1092 1606 1177 1632; x_wconf 92' lang='lat' dir='ltr'>non</span> <span class='ocrx_word' id='word_1_121' title='bbox 1213 1591 1451 1633; x_wconf 87' lang='lat' dir='ltr'>cedendum</span> <span class='ocrx_word' id='word_1_122' title='bbox 1486 1606 1575 1633; x_wconf 87' lang='lat' dir='ltr'>esse</span> 
     </span>
     <span class='ocr_line' id='line_1_18' title="bbox 248 1666 1576 1727; baseline 0.003 -20"><span class='ocrx_word' id='word_1_123' title='bbox 248 1668 381 1708; x_wconf 85' lang='lat' dir='ltr'>visum</span> <span class='ocrx_word' id='word_1_124' title='bbox 424 1674 512 1717; x_wconf 81' lang='lat' dir='ltr'>est,</span> <span class='ocrx_word' id='word_1_125' title='bbox 544 1666 615 1707; x_wconf 87' lang='lat' dir='ltr'>sed</span> <span class='ocrx_word' id='word_1_126' title='bbox 641 1667 881 1722; x_wconf 89' lang='lat' dir='ltr'>periculum</span> <span class='ocrx_word' id='word_1_127' title='bbox 912 1668 1181 1719; x_wconf 83' lang='lat' dir='ltr'>faciendum,</span> <span class='ocrx_word' id='word_1_128' title='bbox 1223 1677 1298 1721; x_wconf 91' lang='lat' dir='ltr'>ut,</span> <span class='ocrx_word' id='word_1_129' title='bbox 1332 1671 1468 1727; x_wconf 89' lang='lat' dir='ltr'>qualis</span> <span class='ocrx_word' id='word_1_130' title='bbox 1501 1671 1576 1711; x_wconf 89' lang='lat' dir='ltr'>ille</span> 
     </span>
     <span class='ocr_line' id='line_1_19' title="bbox 250 1744 1575 1805; baseline 0.005 -21"><span class='ocrx_word' id='word_1_131' title='bbox 250 1745 405 1795; x_wconf 82' lang='lat' dir='ltr'>fuerit,</span> <span class='ocrx_word' id='word_1_132' title='bbox 439 1744 542 1801; x_wconf 88' lang='lat' dir='ltr'>quid</span> <span class='ocrx_word' id='word_1_133' title='bbox 586 1745 788 1795; x_wconf 78' lang='lat' dir='ltr'>voluerit,</span> <span class='ocrx_word' id='word_1_134' title='bbox 822 1745 925 1802; x_wconf 87' lang='lat' dir='ltr'>quid</span> <span class='ocrx_word' id='word_1_135' title='bbox 954 1747 1164 1798; x_wconf 85' lang='lat' dir='ltr'>noluerit,</span> <span class='ocrx_word' id='word_1_136' title='bbox 1197 1747 1575 1805; x_wconf 72' lang='lat' dir='ltr'>investigaremus,</span> 
     </span>
     <span class='ocr_line' id='line_1_20' title="bbox 253 1822 1575 1884; baseline 0.004 -21"><span class='ocrx_word' id='word_1_137' title='bbox 253 1822 429 1879; x_wconf 75' lang='lat' dir='ltr'>ejusque</span> <span class='ocrx_word' id='word_1_138' title='bbox 458 1823 679 1878; x_wconf 88' lang='lat' dir='ltr'>ingenium</span> <span class='ocrx_word' id='word_1_139' title='bbox 705 1831 960 1865; x_wconf 80' lang='lat' dir='ltr'>notaremus,</span> <span class='ocrx_word' id='word_1_140' title='bbox 988 1824 1123 1881; x_wconf 85' lang='lat' dir='ltr'>quue</span> <span class='ocrx_word' id='word_1_141' title='bbox 1143 1840 1190 1866; x_wconf 88' lang='lat' dir='ltr'>eo</span> <span class='ocrx_word' id='word_1_142' title='bbox 1207 1826 1354 1882; x_wconf 78' lang='lat' dir='ltr'>magiS,</span> <span class='ocrx_word' id='word_1_143' title='bbox 1373 1828 1575 1884; x_wconf 86' lang='lat' dir='ltr'>quoniam</span> 
     </span>
     <span class='ocr_line' id='line_1_21' title="bbox 252 1899 1573 1958; baseline 0.004 -17"><span class='ocrx_word' id='word_1_144' title='bbox 252 1899 505 1942; x_wconf 86' lang='lat' dir='ltr'>incredibile</span> <span class='ocrx_word' id='word_1_145' title='bbox 529 1899 648 1941; x_wconf 82' lang='lat' dir='ltr'>dictu</span> <span class='ocrx_word' id='word_1_146' title='bbox 671 1908 755 1949; x_wconf 77' lang='lat' dir='ltr'>est,</span> <span class='ocrx_word' id='word_1_147' title='bbox 784 1916 910 1958; x_wconf 87' lang='lat' dir='ltr'>quam</span> <span class='ocrx_word' id='word_1_148' title='bbox 929 1901 1092 1944; x_wconf 77' lang='lat' dir='ltr'>diversa</span> <span class='ocrx_word' id='word_1_149' title='bbox 1117 1902 1169 1944; x_wconf 87' lang='lat' dir='ltr'>de</span> <span class='ocrx_word' id='word_1_150' title='bbox 1199 1918 1247 1944; x_wconf 91' lang='lat' dir='ltr'>eo</span> <span class='ocrx_word' id='word_1_151' title='bbox 1273 1904 1432 1945; x_wconf 87' lang='lat' dir='ltr'>fuerint</span> <span class='ocrx_word' id='word_1_152' title='bbox 1461 1906 1573 1946; x_wconf 83' lang='lat' dir='ltr'>omui</span> 
     </span>
     <span class='ocr_line' id='line_1_22' title="bbox 251 1977 1581 2038; baseline 0.004 -20"><span class='ocrx_word' id='word_1_153' title='bbox 251 1992 352 2019; x_wconf 86' lang='lat' dir='ltr'>aevo</span> <span class='ocrx_word' id='word_1_154' title='bbox 379 1977 600 2019; x_wconf 86' lang='lat' dir='ltr'>doctorum</span> <span class='ocrx_word' id='word_1_155' title='bbox 618 1979 802 2020; x_wconf 87' lang='lat' dir='ltr'>virorum</span> <span class='ocrx_word' id='word_1_156' title='bbox 816 1980 992 2034; x_wconf 82' lang='lat' dir='ltr'>judicia.</span> <span class='ocrx_word' id='word_1_157' title='bbox 1037 1982 1120 2034; x_wconf 87' lang='lat' dir='ltr'>Qui</span> <span class='ocrx_word' id='word_1_158' title='bbox 1135 1982 1224 2023; x_wconf 87' lang='lat' dir='ltr'>aliis</span> <span class='ocrx_word' id='word_1_159' title='bbox 1241 1983 1352 2023; x_wconf 87' lang='lat' dir='ltr'>visus</span> <span class='ocrx_word' id='word_1_160' title='bbox 1369 1990 1428 2024; x_wconf 88' lang='lat' dir='ltr'>est</span> <span class='ocrx_word' id='word_1_161' title='bbox 1442 1983 1581 2038; x_wconf 81' lang='lat' dir='ltr'>impu-</span> 
     </span>
     <span class='ocr_line' id='line_1_23' title="bbox 254 2056 1573 2115; baseline 0.006 -20"><span class='ocrx_word' id='word_1_162' title='bbox 254 2069 323 2095; x_wconf 89' lang='lat' dir='ltr'>rus</span> <span class='ocrx_word' id='word_1_163' title='bbox 345 2063 579 2097; x_wconf 85' lang='lat' dir='ltr'>contemtor</span> <span class='ocrx_word' id='word_1_164' title='bbox 602 2056 776 2099; x_wconf 89' lang='lat' dir='ltr'>deorum</span> <span class='ocrx_word' id='word_1_165' title='bbox 792 2091 802 2109; x_wconf 84' lang='grc'>,</span> <span class='ocrx_word' id='word_1_166' title='bbox 825 2059 1005 2100; x_wconf 85' lang='lat' dir='ltr'>eundem</span> <span class='ocrx_word' id='word_1_167' title='bbox 1026 2060 1099 2101; x_wconf 87' lang='lat' dir='ltr'>alii</span> <span class='ocrx_word' id='word_1_168' title='bbox 1114 2061 1333 2115; x_wconf 85' lang='lat' dir='ltr'>probitatis</span> <span class='ocrx_word' id='word_1_169' title='bbox 1355 2069 1573 2103; x_wconf 78' lang='lat' dir='ltr'>auctorem</span> 
     </span>
     <span class='ocr_line' id='line_1_24' title="bbox 253 2134 1572 2194; baseline 0.004 -20"><span class='ocrx_word' id='word_1_170' title='bbox 253 2134 551 2176; x_wconf 81' lang='lat' dir='ltr'>nominarunt:</span> <span class='ocrx_word' id='word_1_171' title='bbox 587 2151 713 2193; x_wconf 89' lang='lat' dir='ltr'>quem</span> <span class='ocrx_word' id='word_1_172' title='bbox 755 2138 949 2179; x_wconf 75' lang='lat' dir='ltr'>nonrmlli</span> <span class='ocrx_word' id='word_1_173' title='bbox 1000 2146 1204 2194; x_wconf 87' lang='lat' dir='ltr'>putarunt</span> <span class='ocrx_word' id='word_1_174' title='bbox 1244 2140 1382 2181; x_wconf 83' lang='lat' dir='ltr'>omnia</span> <span class='ocrx_word' id='word_1_175' title='bbox 1407 2154 1572 2180; x_wconf 74' lang='lat' dir='ltr'>sursum</span> 
     </span>
     <span class='ocr_line' id='line_1_25' title="bbox 253 2212 1571 2270; baseline 0.004 -17"><span class='ocrx_word' id='word_1_176' title='bbox 253 2212 477 2263; x_wconf 83' lang='lat' dir='ltr'>deorsum,</span> <span class='ocrx_word' id='word_1_177' title='bbox 526 2228 636 2270; x_wconf 88' lang='lat' dir='ltr'>quae</span> <span class='ocrx_word' id='word_1_178' title='bbox 677 2213 817 2256; x_wconf 84' lang='lat' dir='ltr'>adhuc</span> <span class='ocrx_word' id='word_1_179' title='bbox 850 2216 1104 2268; x_wconf 85' lang='lat' dir='ltr'>manebant,</span> <span class='ocrx_word' id='word_1_180' title='bbox 1152 2217 1321 2258; x_wconf 86' lang='lat' dir='ltr'>diruere</span> <span class='ocrx_word' id='word_1_181' title='bbox 1364 2217 1571 2262; x_wconf 74' lang='lat' dir='ltr'>voluisse,</span> 
     </span>
     <span class='ocr_line' id='line_1_26' title="bbox 253 2289 1577 2350; baseline 0.004 -19"><span class='ocrx_word' id='word_1_182' title='bbox 253 2289 369 2331; x_wconf 82' lang='lat' dir='ltr'>huno</span> <span class='ocrx_word' id='word_1_183' title='bbox 393 2291 569 2348; x_wconf 85' lang='lat' dir='ltr'>antiqua</span> <span class='ocrx_word' id='word_1_184' title='bbox 591 2292 728 2335; x_wconf 87' lang='lat' dir='ltr'>studia</span> <span class='ocrx_word' id='word_1_185' title='bbox 744 2326 754 2344; x_wconf 84' lang='lat'>‚</span> <span class='ocrx_word' id='word_1_186' title='bbox 789 2302 995 2350; x_wconf 88' lang='lat' dir='ltr'>quantum</span> <span class='ocrx_word' id='word_1_187' title='bbox 1019 2295 1111 2336; x_wconf 88' lang='lat' dir='ltr'>fieri</span> <span class='ocrx_word' id='word_1_188' title='bbox 1136 2303 1298 2349; x_wconf 87' lang='lat' dir='ltr'>posset,</span> <span class='ocrx_word' id='word_1_189' title='bbox 1330 2309 1577 2336; x_wconf 81' lang='lat' dir='ltr'>conservare</span> 
     </span>
     <span class='ocr_line' id='line_1_27' title="bbox 248 2369 1573 2415; baseline 0.005 -7"><span class='ocrx_word' id='word_1_190' title='bbox 248 2375 292 2409; x_wconf 88' lang='lat' dir='ltr'>et</span> <span class='ocrx_word' id='word_1_191' title='bbox 317 2369 571 2412; x_wconf 84' lang='lat' dir='ltr'>labefactata</span> <span class='ocrx_word' id='word_1_192' title='bbox 601 2371 837 2413; x_wconf 85' lang='lat' dir='ltr'>instaurare</span> <span class='ocrx_word' id='word_1_193' title='bbox 866 2380 1065 2414; x_wconf 86' lang='lat' dir='ltr'>conatum</span> <span class='ocrx_word' id='word_1_194' title='bbox 1086 2388 1172 2414; x_wconf 85' lang='lat' dir='ltr'>esse</span> <span class='ocrx_word' id='word_1_195' title='bbox 1191 2374 1261 2415; x_wconf 87' lang='lat' dir='ltr'>alii</span> <span class='ocrx_word' id='word_1_196' title='bbox 1287 2373 1573 2415; x_wconf 78' lang='lat' dir='ltr'>crediderunt.</span> 
     </span>
     <span class='ocr_line' id='line_1_28' title="bbox 251 2447 1579 2505; baseline 0.005 -18"><span class='ocrx_word' id='word_1_197' title='bbox 251 2447 334 2488; x_wconf 87' lang='lat' dir='ltr'>Sed</span> <span class='ocrx_word' id='word_1_198' title='bbox 365 2447 549 2489; x_wconf 85' lang='lat' dir='ltr'>diversas</span> <span class='ocrx_word' id='word_1_199' title='bbox 580 2447 631 2489; x_wconf 90' lang='lat' dir='ltr'>de</span> <span class='ocrx_word' id='word_1_200' title='bbox 661 2449 846 2492; x_wconf 90' lang='lat' dir='ltr'>Luciano</span> <span class='ocrx_word' id='word_1_201' title='bbox 877 2452 1100 2493; x_wconf 86' lang='lat' dir='ltr'>sententias</span> <span class='ocrx_word' id='word_1_202' title='bbox 1132 2451 1217 2505; x_wconf 87' lang='lat' dir='ltr'>jam</span> <span class='ocrx_word' id='word_1_203' title='bbox 1244 2452 1288 2492; x_wconf 90' lang='lat' dir='ltr'>in</span> <span class='ocrx_word' id='word_1_204' title='bbox 1320 2451 1401 2492; x_wconf 91' lang='lat' dir='ltr'>hoc</span> <span class='ocrx_word' id='word_1_205' title='bbox 1428 2457 1579 2505; x_wconf 73' lang='lat' dir='ltr'>prooe-</span> 
     </span>
     <span class='ocr_line' id='line_1_29' title="bbox 255 2525 1575 2584; baseline 0.005 -20"><span class='ocrx_word' id='word_1_206' title='bbox 255 2525 336 2565; x_wconf 88' lang='lat' dir='ltr'>mio</span> <span class='ocrx_word' id='word_1_207' title='bbox 355 2539 573 2566; x_wconf 88' lang='lat' dir='ltr'>recensere</span> <span class='ocrx_word' id='word_1_208' title='bbox 598 2534 771 2582; x_wconf 88' lang='lat' dir='ltr'>propter</span> <span class='ocrx_word' id='word_1_209' title='bbox 795 2529 974 2570; x_wconf 89' lang='lat' dir='ltr'>aliorum</span> <span class='ocrx_word' id='word_1_210' title='bbox 997 2545 1165 2584; x_wconf 87' lang='lat' dir='ltr'>operam</span> <span class='ocrx_word' id='word_1_211' title='bbox 1185 2545 1268 2570; x_wconf 89' lang='lat' dir='ltr'>non</span> <span class='ocrx_word' id='word_1_212' title='bbox 1294 2530 1575 2571; x_wconf 84' lang='lat' dir='ltr'>necessarium</span> 
     </span>
    </p>
   </div>
   <div class='ocr_carea' id='block_1_3' title="bbox 262 2602 1575 2662">
    <p class='ocr_par' dir='ltr' id='par_1_4' title="bbox 262 2602 1575 2662">
     <span class='ocr_line' id='line_1_30' title="bbox 262 2602 1575 2662; baseline 0.004 -20"><span class='ocrx_word' id='word_1_213' title='bbox 262 2609 322 2642; x_wconf 89' lang='lat' dir='ltr'>est</span> <span class='ocrx_word' id='word_1_214' title='bbox 353 2602 381 2646; x_wconf 88' lang='lat'>¹.</span> <span class='ocrx_word' id='word_1_215' title='bbox 432 2604 521 2659; x_wconf 86' lang='lat' dir='ltr'>Ego</span> <span class='ocrx_word' id='word_1_216' title='bbox 560 2618 687 2661; x_wconf 72' lang='lat' dir='ltr'>vero,</span> <span class='ocrx_word' id='word_1_217' title='bbox 735 2620 994 2662; x_wconf 87' lang='lat' dir='ltr'>quamquam</span> <span class='ocrx_word' id='word_1_218' title='bbox 1037 2607 1250 2649; x_wconf 77' lang='lat' dir='ltr'>tenuitatis</span> <span class='ocrx_word' id='word_1_219' title='bbox 1287 2622 1405 2649; x_wconf 75' lang='lat' dir='ltr'>meae</span> <span class='ocrx_word' id='word_1_220' title='bbox 1445 2608 1575 2662; x_wconf 80' lang='lat' dir='ltr'>probe</span> 
     </span>
    </p>
   </div>
   <div class='ocr_carea' id='block_1_4' title="bbox 398 2716 484 2719">
    <p class='ocr_par' dir='ltr' id='par_1_5' title="bbox 398 2716 484 2719">
     <span class='ocr_line' id='line_1_31' title="bbox 398 2716 484 2719; baseline 0 0"><span class='ocrx_word' id='word_1_221' title='bbox 398 2716 484 2719; x_wconf 95' lang='lat' dir='ltr'> </span> 
     </span>
    </p>
   </div>
   <div class='ocr_carea' id='block_1_5' title="bbox 486 2717 618 2721">
    <p class='ocr_par' dir='ltr' id='par_1_6' title="bbox 486 2717 618 2721">
     <span class='ocr_line' id='line_1_32' title="bbox 486 2717 618 2721; baseline 0 0"><span class='ocrx_word' id='word_1_222' title='bbox 486 2717 618 2721; x_wconf 95' lang='lat' dir='ltr'> </span> 
     </span>
    </p>
   </div>
   <div class='ocr_carea' id='block_1_6' title="bbox 302 2764 1461 2812">
    <p class='ocr_par' dir='ltr' id='par_1_7' title="bbox 302 2764 1461 2812">
     <span class='ocr_line' id='line_1_33' title="bbox 302 2764 1461 2812; baseline 0.009 -19"><span class='ocrx_word' id='word_1_223' title='bbox 302 2769 310 2784; x_wconf 85' lang='lat'><strong>¹</strong></span> <span class='ocrx_word' id='word_1_224' title='bbox 342 2764 409 2803; x_wconf 80' lang='lat' dir='ltr'>Egit</span> <span class='ocrx_word' id='word_1_225' title='bbox 432 2765 462 2796; x_wconf 81' lang='lat' dir='ltr'>id</span> <span class='ocrx_word' id='word_1_226' title='bbox 481 2765 512 2795; x_wconf 88' lang='lat' dir='ltr'>C.</span> <span class='ocrx_word' id='word_1_227' title='bbox 536 2767 572 2796; x_wconf 88' lang='lat' dir='ltr'>G.</span> <span class='ocrx_word' id='word_1_228' title='bbox 598 2765 717 2807; x_wconf 74' lang='lat' dir='ltr'>Jacob,</span> <span class='ocrx_word' id='word_1_229' title='bbox 746 2767 832 2797; x_wconf 71' lang='lat' dir='ltr'>initio</span> <span class='ocrx_word' id='word_1_230' title='bbox 858 2769 997 2803; x_wconf 76' lang='lat' dir='ltr'>Charact,</span> <span class='ocrx_word' id='word_1_231' title='bbox 1026 2772 1071 2800; x_wconf 61' lang='lat' dir='ltr'>sui</span> <span class='ocrx_word' id='word_1_232' title='bbox 1100 2772 1167 2801; x_wconf 75' lang='lat' dir='ltr'>Luc.</span> <span class='ocrx_word' id='word_1_233' title='bbox 1196 2771 1461 2812; x_wconf 65' lang='lat' dir='ltr'>llamburg1832.</span> 
     </span>
    </p>
   </div>
  </div>
 </body>
</html>
