2013 3496
849 238 897 276 51

218 364 465 418 scriptorem
489 366 684 407 videntur
710 364 887 418 prodere
916 365 954 406 in
988 365 1193 418 peculiari
1219 365 1403 420 quodam
1432 367 1534 407 scri—

215 442 342 483 bendi
375 458 530 498 genere
555 442 742 485 nondum
774 442 898 496 plane
928 442 1248 494 confirmatum,
1279 458 1361 484 non
1390 459 1535 499 possu-

219 534 310 560 mus
341 535 425 561 non
457 521 581 561 simul
616 519 847 562 fecundum
892 520 999 561 illud
1037 520 1211 562 Luciani
1251 535 1299 562 ac
1345 522 1535 563 versatile

219 599 436 655 ingenium
455 613 699 656 agnoscere,
714 598 826 655 quod
847 598 1149 652 paratissimam
1171 598 1378 640 variarum
1396 614 1536 640 rerum

218 676 384 731 copiam
425 677 604 717 maxime
647 675 889 732 quibusque
932 674 1179 729 opportunis
1222 676 1538 730 compositionis

219 768 384 808 semper
415 754 558 795 formis
586 753 738 794 induit.
773 753 879 793 Tum
899 753 941 793 in
969 752 1069 807 ipsis
1094 753 1382 807 exemplorum
1413 754 1538 794 lumi-

220 831 368 880 nibus,
399 832 443 871 in
472 830 830 884 descriptionibus
863 844 1003 870 rerum
1028 830 1217 871 sensibus
1246 829 1506 885 objectarum
1526 866 1535 882 ‚

216 908 486 949 lucidissimis
505 907 712 957 historiis,
735 906 890 947 fabulis
908 914 948 946 et
969 907 1201 948 identidem
1228 907 1539 961 jucundissime

212 986 401 1028 adhibita
445 985 658 1040 dialogice
701 983 874 1026 sorma¹

882 1015 892 1034 ‚
932 999 1042 1041 quae
1087 985 1121 1025 si
1162 985 1267 1042 quid
1303 986 1419 1028 aliud
1450 987 1537 1040 jam

217 1065 437 1120 proprium
468 1063 697 1120 quemdam
727 1070 768 1102 et
802 1062 1062 1117 singularem
1097 1062 1148 1102 iis
1177 1063 1358 1104 nitorem
1398 1066 1540 1106 conei-

217 1143 343 1193 liant,
394 1142 611 1198 praesagia
650 1155 737 1181 esse
773 1139 980 1190 videntur,
1019 1141 1155 1197 qualis
1185 1142 1366 1196 scriptor
1397 1151 1541 1198 postea

218 1223 386 1262 futurus
419 1220 495 1270 sit,
534 1233 665 1277 quum
693 1218 944 1272 aequalibus
973 1233 1015 1258 se
1044 1220 1132 1273 ipse
1167 1228 1424 1274 opponeret3
1458 1236 1539 1262 non

219 1299 330 1338 enim
370 1296 707 1352 argumentando
744 1304 832 1337 tum
866 1296 1132 1349 potissimum
1162 1306 1234 1338 aut
1265 1297 1542 1339 declamando

221 1392 307 1418 rem
338 1392 455 1418 suam
485 1377 599 1432 egit,
632 1375 702 1415 sed
736 1375 938 1430 eoeempla
965 1374 1167 1416 stultitiae
1186 1390 1235 1417 ac
1261 1376 1543 1430 pravitatisiis

221 1463 316 1496 ante
345 1455 490 1495 oeulos
512 1453 677 1508 posuit,
701 1460 740 1493 et
768 1461 850 1493 tam
870 1453 1002 1507 ipsos,
1034 1467 1162 1510 quam
1192 1454 1411 1508 opiniones
1432 1454 1544 1509 ipso-

225 1548 313 1574 rum
333 1541 372 1574 ct
403 1539 638 1574 commenta
662 1530 869 1587 dialogis
897 1531 980 1571 suis
1009 1531 1053 1571 in
1079 1546 1246 1573 scenam
1274 1532 1489 1586 produxit.

279 1610 440 1663 Quodsi
470 1610 658 1651 nondum
683 1611 727 1650 in
752 1610 835 1649 illis
864 1610 991 1664 plane
1021 1625 1114 1651 suas
1147 1617 1286 1665 partes
1312 1611 1540 1661 sustineat,

219 1689 251 1727 si
283 1687 462 1728 rhetoris
489 1687 592 1728 adeo
624 1686 838 1728 interdum
862 1687 994 1743 magis
1018 1701 1145 1744 quam
1167 1702 1283 1728 suam
1314 1687 1511 1742 pietatem
1529 1722 1538 1737 ‚

220 1766 492 1822 gravitatem,
524 1765 691 1805 civilem
720 1764 919 1805 virtutem
948 1772 1154 1816 ostentet,
1184 1766 1236 1806 ab
1263 1765 1395 1806 altera
1424 1773 1543 1820 parte

219 1844 405 1886 nondum
443 1844 487 1884 in
527 1844 576 1883 iis
610 1843 752 1897 prodit
783 1858 874 1884 eam
907 1843 1179 1898 popularium
1214 1843 1471 1900 religionum
1502 1852 1542 1885 et

220 1921 576 1977 philosopliarum
606 1922 896 1963 doctrinarum
916 1921 1181 1972 irrisionem,
1210 1922 1272 1963 vel
1303 1922 1541 1976 despicien-

221 2003 319 2044 tiam
352 2015 443 2042 eam
476 1999 758 2042 humanarum
789 2013 949 2050 rerum,
976 2000 1151 2056 quaein
1174 2001 1543 2054 praestantissimis

221 2079 461 2134 posterioris
484 2079 630 2120 aetatis
656 2079 824 2133 scriptis
849 2078 1135 2121 dominantur.
1168 2080 1448 2135 Agnoscimus
1479 2094 1540 2120 se-

265 2268 275 2283 ²
300 2262 484 2292 Historiae
511 2268 540 2291 et
555 2262 708 2299 subulae
735 2262 765 2291 in
784 2263 900 2293 multis:
930 2265 959 2293 in
980 2263 1080 2302 Scyth.
1104 2276 1131 2292 s.
1162 2263 1255 2302 Hosp.
1283 2276 1298 2294 c
1332 2265 1361 2295 1.
1396 2266 1435 2296 οὐ
1464 2272 1543 2309 χεῖ-

217 2329 275 2359 ρον
298 2317 376 2353 ἴσως
394 2317 659 2358 δἰνχγήσῑισθαυ,
687 2318 755 2347 inde
779 2330 805 2349 c.
821 2317 856 2358 2,
879 2329 944 2359 sqq.
966 2331 992 2349 c.
1011 2319 1050 2358 9,
1073 2318 1257 2358 βούλεσθε
1275 2309 1336 2351 οὖν
1360 2320 1436 2363 ἤδη
1454 2323 1545 2354 ἐπα-

214 2373 308 2413 γάγω
329 2372 378 2414 τῷ
398 2372 505 2414 μύθῳ
528 2372 568 2402 τὸ
587 2370 709 2408 τέλος,·
732 2373 876 2403 Hannon.
909 2385 934 2403 c.
957 2373 969 2403 l
989 2384 995 2408 ;
1014 2373 1122 2403 Herod.
1144 2386 1172 2404 (·..
1194 2373 1208 2403 l
1226 2398 1233 2412 ‚
1255 2376 1288 2410 11;
1318 2376 1430 2406 Electr.
1450 2389 1476 2408 e.
1500 2376 1519 2407 2

214 2428 245 2458 .”).
272 2429 314 2458 De
335 2440 396 2457 non
414 2435 523 2457 temore
542 2428 620 2457 cred.
643 2429 766 2468 Catum,
784 2441 810 2459 c.
827 2428 925 2464 2-,13
953 2440 1005 2467 pro
1024 2429 1122 2468 Imag.
1147 2441 1172 2461 c.
1195 2431 1233 2469 4,
1255 2430 1293 2468 5,
1312 2429 1355 2470 9,
1378 2431 1432 2464 1113
1460 2439 1543 2463 totu*

212 2484 287 2515 dial.
306 2484 414 2513 Toxar.
430 2483 697 2523 Descriptiones
711 2494 847 2524 operum
858 2486 961 2524 artis,
974 2494 1024 2518 ex.
1037 2485 1270 2520 c.11er0d.c.5;
1285 2487 1364 2516 Zeux
1374 2514 1380 2520 ,
1395 2488 1542 2523 c.21-6;

215 2541 315 2580 Scyth.
336 2553 363 2571 (·.
383 2540 402 2570 2
416 2565 424 2574 ,
452 2541 502 2581 (de
536 2541 652 2579 Domo,
668 2552 694 2571 e.
722 2539 852 2571 22-31
869 2554 876 2580 3
909 2541 1092 2580 Hippias‚e.
1115 2539 1221 2576 4-8;
1245 2542 1280 2570 de
1298 2541 1345 2571 his
1364 2548 1464 2573 tamen
1483 2544 1542 2574 vid.

214 2596 535 2637 ‹iipr,)lmagi11eS,c.
559 2597 658 2627 4-7.
684 2598 727 2627 De
747 2609 806 2628 non
826 2604 895 2627 tom.
918 2599 997 2631 cred.
1019 2598 1083 2628 Cal.
1098 2610 1122 2627 c.
1137 2598 1173 2631 5;
1189 2598 1297 2628 Toxar.
1317 2612 1340 2629 s.
1355 2600 1455 2632 Amic.
1474 2602 1543 2632 c.6.

222 2651 368 2691 l)1,'(1lo.g,*7,⁴
395 2658 492 2681 aulem
522 2659 637 2690 praeter
664 2651 758 2692 imag.
792 2655 848 2683 Pro
882 2654 963 2691 imag
1006 2653 1112 2683 Toxar.
1144 2654 1258 2686 Anaeh.
1295 2656 1353 2684 tid.
1386 2668 1432 2686 ex.
1457 2670 1482 2688 c.
1512 2658 1541 2686 in

221 2708 363 2737 liar-mon.
384 2720 409 2737 c.
436 2708 444 2736 l
465 2733 471 2747 ἲ
500 2707 537 2739 2:
566 2709 694 2738 chlba.
717 2723 741 2737 κ.
775 2709 878 2740 l—8;
909 2710 1013 2739 litor-11.
1038 2721 1062 2740 c,
1085 2710 1103 2737 ΣΞ
1148 2709 1177 2738 .”).
