2013 3496
223 413 812 438 nxnsxustmxsxxmxxx==x=====⁸22
819 410 1008 430 BIRIRQWV!
1015 409 1529 430 ἱὶὶἱὶἱὶἱὶὶῐὶἱὶἱἱνὶἱὶὶἱὶἱὶ

586 623 1151 693 PROOEMIUM.

763 823 775 825 „
787 818 949 830 ...005-
959 823 979 826 ἶ,

266 952 525 991 Graecorum
544 950 733 1003 profecto
752 948 923 1004 ingenia
943 949 1122 988 multum
1144 948 1317 1004 reliquis
1336 945 1531 1001 gentihus

210 1029 524 1083 praestiterunt.
560 1030 707 1086 Neque
729 1029 771 1070 id
802 1044 849 1070 ex
881 1044 929 1069 co
959 1029 1096 1069 solum
1119 1027 1390 1083 intelligitur,
1419 1025 1531 1083 quod

212 1123 356 1149 omnes
388 1110 500 1149 omni
531 1117 719 1164 tempore
746 1116 1031 1165 agnoverunt,
1067 1108 1227 1148 nullam
1250 1107 1419 1148 laudem
1448 1120 1535 1146 esse

211 1191 456 1241 literarum,
501 1189 621 1244 cujus
659 1206 742 1231 non
781 1205 909 1245 penes
948 1190 1042 1230 illos
1078 1190 1339 1244 principatus
1380 1187 1531 1236 fuerit;

217 1281 357 1308 verum
386 1275 575 1321 tempora
612 1268 736 1308 etiam
772 1267 1132 1322 distinguentibus
1167 1273 1206 1306 et
1242 1272 1397 1307 aetates
1433 1278 1534 1305 con-

216 1345 487 1400 templatione
516 1345 899 1399 complectentibus
927 1351 1101 1398 apparet
1130 1343 1182 1384 dc
1217 1343 1391 1385 Graecis
1417 1342 1538 1383 aliter

212 1429 341 1478 atque
368 1421 420 1462 de
449 1422 628 1462 aliarum
671 1423 861 1478 gentium
899 1421 1095 1463 laudibus
1122 1420 1405 1474 judicandum
1436 1433 1536 1460 esse.

213 1501 525 1555 Saepenumero
562 1501 605 1541 in
634 1501 785 1542 artium
836 1500 1213 1556 doctrinarumque
1249 1497 1420 1539 historia
1446 1498 1536 1539 ani-

216 1578 478 1619 madvertere
508 1579 631 1629 licet,
661 1579 802 1620 literas
830 1580 1025 1620 celeriter
1052 1578 1207 1633 arripi7
1254 1590 1538 1633 magnamquc

219 1673 304 1699 uno
331 1665 518 1712 tempore
548 1658 1004 1712 praestantissimorum
1033 1657 1217 1697 virorum
1249 1670 1336 1696 esse
1358 1669 1541 1710 proven-—

220 1745 309 1777 tum
327 1769 337 1786 ‚
365 1744 453 1777 tum
479 1751 577 1777 vero
602 1736 738 1777 studia
761 1736 1051 1777 defervescere
1075 1742 1115 1775 et
1141 1734 1293 1774 sensim
1317 1733 1542 1787 paulatim-

220 1828 304 1869 que
323 1814 528 1867 extingui.
565 1815 701 1855 Prima
729 1829 826 1854 vero
851 1815 1110 1855 Graecarum
1130 1812 1350 1852 literarum
1379 1819 1538 1860 aetate,

219 1907 329 1948 quae
361 1892 449 1932 fere
492 1892 660 1932 Poetica
696 1892 834 1932 vocari
876 1892 1003 1939 solet,
1047 1898 1135 1931 crat
1163 1904 1261 1930 sanc
1293 1903 1454 1929 summa
1484 1889 1541 1928 vis

219 1969 490 2026 ingeniorum
525 1976 565 2009 ct
602 1970 741 2009 fervor
781 1969 1033 2025 divinusque
1070 1967 1245 2008 afflatus.
1280 1967 1366 2007 Nec
1402 1974 1542 2007 tamen

218 2048 291 2088 ille
317 2047 457 2088 fervor
484 2047 564 2087 fuit
591 2047 641 2087 ad
672 2062 847 2102 parvum
875 2054 1037 2101 tempus
1060 2079 1069 2094 ‚
1101 2059 1238 2102 neque
1274 2044 1327 2085 ad
1355 2045 1543 2100 vigorem

220 2140 343 2166 suum
369 2125 548 2166 Graecia
574 2133 853 2179 pervenerat,
884 2139 1120 2180 praegnans
1147 2124 1228 2163 suit
1255 2124 1328 2164 illa
1364 2130 1477 2165 aetas
1505 2130 1546 2163 et

225 2204 463 2258 parturiens
504 2212 549 2244 ut
585 2212 729 2258 postea
759 2206 924 2246 fructus
958 2211 1214 2259 apparerent
1246 2210 1358 2246 tanta
1390 2217 1544 2244 conce-

227 2281 368 2336 ptione
401 2281 656 2338 dignissimi,
702 2289 791 2324 tum
814 2316 823 2332 ‚
870 2298 1029 2339 quum,
1071 2289 1117 2322 ut
1152 2281 1204 2322 dc
1231 2281 1324 2321 unis
1369 2280 1546 2321 Athenis

223 2360 437 2411 dicamus,
474 2368 588 2403 tanta
622 2362 892 2417 ingeniorum
913 2361 1031 2416 copia
1048 2361 1165 2401 illam
1192 2360 1341 2400 urbem
1360 2359 1546 2400 illustra-

224 2446 308 2489 ret,
330 2446 376 2478 ut
401 2439 474 2495 qui
501 2445 643 2492 postea
671 2454 718 2480 eo
738 2440 917 2489 veniret,
941 2453 1202 2496 quacunque
1218 2437 1516 2494 ingrederetur
1534 2473 1542 2488 ‚

221 2517 263 2556 in
288 2516 475 2573 aliquam
503 2515 717 2558 historiam
748 2518 969 2574 vestigium
994 2525 1184 2573 poneret.

283 2594 405 2650 Agite
428 2609 548 2636 vero:
577 2604 674 2637 sunt
704 2597 747 2637 in
780 2597 904 2637 rebus
928 2595 1143 2646 humanis,
1163 2611 1272 2653 quae
1299 2595 1377 2636 sibi
1401 2610 1546 2650 super-

224 2671 339 2711 stites
367 2670 603 2714 videantur.
646 2673 812 2715 Virtute
832 2674 964 2715 crevit
983 2674 1222 2714 Romanum
1247 2673 1473 2728 imperium
1495 2673 1547 2714 ad

228 2763 406 2805 eamque
440 2750 775 2806 magnitudinem
807 2759 846 2792 et
878 2752 1117 2792 firmitatem
1153 2751 1378 2793 fundatum
1413 2759 1452 2792 ct
1479 2766 1547 2792 ex-

1311 2852 1323 2872 1
