2013 3496
1073 186 1127 223 So

443 310 729 356 severitatem:
774 312 811 350 in
865 310 1157 364 l'liilopsifndi,
1198 328 1231 350 ν,
1267 315 1350 359 37,
1385 312 1606 354 absurdam
1643 331 1756 369 τερα-

444 389 675 439 τολογίαν,
727 403 808 443 qua
862 396 1052 442 parentes
1094 390 1325 428 libi-rorum
1376 405 1544 430 snorum
1599 393 1759 432 {inimus

445 465 541 505 inde
589 481 610 503 a
650 466 805 506 teneris
853 467 1097 507 meticulosa
1143 468 1437 521 superstitione
1481 469 1754 511 imbuebant:

443 552 480 583 vt
524 544 601 583 sub
643 543 767 584 finem
814 545 1059 585 Hermotimi
1109 546 1311 594 strictim,
1361 545 1504 586 lucido
1546 549 1755 603 exemplo,

446 621 558 676 quod
599 628 729 662 exstat
770 636 806 663 (v,
831 623 1033 671 80-82,
1070 637 1308 675 perversam
1343 623 1544 665 rationem
1582 640 1725 665 eorum
1749 659 1757 673 ‚

442 700 543 754 qui,
581 699 777 754 neglecta
820 699 927 740 vitae
969 715 1017 740 ae
1052 714 1215 740 morum
1261 700 1507 755 disciplina,
1551 701 1759 743 abstrusas

442 776 643 833 quasdam
688 775 978 830 philosophiae
1023 778 1234 817 doctrinas
1282 792 1509 831 puerorum
1550 780 1759 821 mentibus

444 854 731 894 inculcabant.
771 878 828 884 *—
868 854 1112 909 Neglectam
1156 856 1197 894 in
1235 869 1464 908 puerorum
1510 856 1760 898 educatione

443 932 631 985 eorporis
673 932 1015 972 exercitationem
1052 946 1103 972 ne
1150 933 1396 974 memoravit
1434 933 1618 988 quidem.
1669 936 1756 975 Jani

446 1024 539 1049 vero
575 1010 607 1049 si
642 1009 852 1050 Lneianus
883 1010 936 1050 ab
968 1010 1241 1052 instauranda
1264 1011 1335 1051 illa
1358 1011 1620 1052 educationis
1644 1020 1761 1067 part(-

442 1087 699 1142 singularem
740 1087 966 1142 quemdam
1008 1088 1058 1128 ad
1106 1088 1402 1143 corrigendam
1435 1104 1550 1130 suam
1583 1098 1758 1131 aetatem

442 1165 625 1205 fructum
668 1164 745 1204 sibi
793 1174 1026 1220 sperasset,
1074 1174 1145 1206 ant
1193 1166 1314 1206 fallor
1359 1166 1656 1217 vehementer,
1691 1178 1758 1208 nm

444 1257 524 1283 non
571 1241 677 1283 adeo
715 1244 777 1282 sui
822 1258 863 1282 se
903 1242 1147 1285 dissimilem
1179 1246 1454 1300 praestiturus
1481 1246 1652 1297 fuisset,
1685 1256 1758 1294 ut,

444 1320 519 1375 qui
572 1318 840 1370 admirabili,
895 1335 977 1375 qua
1013 1323 1122 1373 suit,
1161 1323 1322 1379 ingenii
1366 1324 1582 1365 fertilitate
1627 1326 1760 1366 conti-

444 1406 592 1439 nenter
640 1413 739 1439 usus
787 1406 849 1440 est
893 1399 945 1440 ad
987 1402 1229 1455 aequalium
1277 1417 1440 1444 errores
1484 1418 1532 1444 ac
1582 1405 1677 1446 vitia
1719 1407 1760 1444 in

442 1476 538 1517 luce
586 1476 806 1533 ponenda,
857 1492 939 1518 non
992 1478 1222 1521 identidem
1275 1494 1446 1536 quoque
1492 1483 1648 1523 saeculi
1695 1484 1757 1522 sui

440 1557 714 1608 ἀγυμνασίαν
756 1563 796 1596 et
835 1556 948 1613 ipsos
983 1559 1078 1604 τούς
1123 1559 1421 1612 ἀγυμνάστους
1462 1559 1638 1601 satiricis
1674 1563 1757 1599 suis

439 1633 604 1688 seriptis
636 1634 895 1689 exagitasset.

496 1711 718 1754 Caeterum
754 1712 897 1766 opinio
939 1713 991 1754 de
1031 1714 1216 1756 Luciano
1265 1716 1526 1758 educationis
1560 1718 1754 1759 emenda-

440 1799 528 1830 tore
580 1796 696 1831 arcte
741 1790 970 1844 conjuncta
1012 1800 1073 1833 est
1115 1808 1213 1835 cum
1254 1794 1450 1838 universa
1487 1811 1562 1847 ea,
1595 1809 1756 1837 summo

432 1868 532 1920 jure
573 1869 616 1909 in
656 1868 897 1910 doctissimo
940 1871 1086 1912 Jacobi
1135 1887 1262 1928 opere
1311 1873 1364 1914 ab
1405 1874 1646 1916 Hermanno
1695 1876 1753 1930 (in

438 1961 638 1997 censura,
689 1961 798 2002 quae
855 1955 916 1988 est
962 1949 1004 1989 in
1051 1949 1216 2006 Algem.
1265 1950 1437 1994 Schulz.
1493 1966 1559 1994 an.
1611 1955 1749 2003 1832,

438 2026 485 2066 Ν.
534 2025 804 2081 100-102)
850 2026 1105 2081 reprehensa
1151 2031 1384 2080 sententia,
1439 2044 1521 2086 qua
1566 2032 1610 2072 in
1656 2046 1747 2073 cor-

429 2102 604 2160 rigando
656 2110 697 2144 et
741 2103 931 2145 docendo
980 2107 1259 2161 praecipuum
1307 2108 1479 2150 Luciani
1535 2111 1745 2152 scribendi

418 2182 639 2223 eonsilium
700 2182 826 2223 fuisse
872 2185 1015 2239 ponit,
1061 2193 1100 2226 et
1146 2188 1369 2242 proprium
1398 2188 1573 2230 Luciani
1606 2188 1747 2231 chara‘

421 2269 578 2302 eterem
625 2258 925 2303 emendatoris
960 2265 1096 2319 potius
1138 2279 1264 2319 quam
1307 2266 1590 2309 subversoris
1618 2268 1748 2309 fuisso

424 2346 578 2380 censet.
628 2337 707 2378 Sed
748 2338 850 2380 haec
895 2341 1067 2395 quidem
1113 2341 1360 2397 (liseeptatio
1405 2360 1482 2387 nec
1523 2347 1743 2401 separatim

427 2432 444 2455 a
483 2417 600 2456 nobis
637 2431 774 2471 neque
810 2421 852 2459 ἐκ
896 2420 1086 2474 παρόδου
1120 2421 1280 2463 institui
1318 2432 1466 2478 potest.

1006 2590 1008 2592 ,
1035 2588 1168 2598 «θαγ-,
