2013 3496
1051 256 1104 293 2ss

478 379 602 422 Liber
627 380 694 421 De
724 380 872 420 Luem
901 381 1151 436 Epicuretuu
1173 382 1422 422 senteutiam
1452 385 1578 426 refert
1599 384 1606 405 ¹
1628 417 1638 434 ,
1666 384 1734 425 cui

416 458 622 499 seniorem
649 458 692 498 iu
722 458 868 512 primis
901 458 1082 499 multum
1117 460 1350 500 Lucianum
1390 460 1587 504 tribuisse
1620 462 1734 504 vide·-

415 535 576 587 bimus;
609 542 738 590 atque
760 534 960 577 crudiore
979 536 1161 592 quodam
1191 537 1517 593 argumentandi
1543 539 1700 596 frigore
1720 542 1733 563 ²

415 629 505 656 eam
531 622 710 656 aetatem
740 616 921 670 prodere
963 616 1154 668 videtur,
1198 631 1282 672 qua
1317 616 1518 658 diuturna
1546 631 1736 658 errorum

412 692 550 734 irrisio
576 708 745 734 sensum
773 693 1045 735 humanitatis
1071 696 1184 749 apud
1205 697 1439 737 Lucianum
1467 695 1732 752 aliquantum

413 770 686 813 debilitasset.

470 849 520 889 Iu
560 848 670 890 libro
720 849 907 905 denique
953 849 1005 891 de
1044 850 1179 906 Syria
1221 851 1316 895 Dea
1372 853 1734 908 Hierapolitauuni

413 927 616 981 templum
639 934 681 968 et
708 941 826 968 sacra
846 928 1159 971 describuntur.
1195 929 1294 984 Ejus
1314 931 1492 986 scriptor
1518 931 1734 988 Assyrium

411 993 625 1045 hominem
655 1019 698 1046 se
733 1020 820 1047 csse
849 1006 1045 1058 affirmat,
1077 1008 1149 1061 qui
1184 1008 1366 1064 Tyrum,
1403 1008 1627 1059 Sidonem,
1658 1008 1735 1065 By-

410 1081 531 1123 blum
563 1090 691 1137 atque
728 1083 919 1124 Lib-anon
960 1084 1166 1125 invisisset
1194 1098 1222 1126 ³.
1268 1086 1456 1127 Dialecto
1499 1093 1641 1127 autem
1697 1093 1737 1126 et

413 1159 627 1201 scribendi
658 1176 814 1218 genere
846 1161 1105 1202 Herodotum
1134 1163 1335 1206 imitatur.
1370 1164 1413 1204 Si
1446 1164 1623 1205 Luciaui
1657 1163 1737 1205 hoc

411 1252 515 1291 opus
533 1246 616 1289 est,
645 1238 758 1293 quod
773 1239 919 1293 plures
935 1272 944 1290 ,
962 1240 1136 1281 fortasse
1163 1240 1323 1294 injuria
1338 1274 1347 1292 ‚
1367 1241 1672 1283 addubitarunt
1695 1244 1709 1265 '¹
1727 1276 1736 1292 ,

409 1316 628 1357 commode
663 1332 739 1371 pro
775 1316 1003 1373 sophistico
1041 1326 1266 1373 provectae
1308 1318 1397 1373 ejus
1438 1320 1583 1361 aetatis
1636 1321 1731 1361 lusu

411 1393 559 1435 haberi
588 1402 739 1449 potest.
776 1397 831 1436 Ex
858 1410 906 1437 eo
947 1396 1059 1451 quod
1093 1397 1273 1451 scriptor
1293 1397 1336 1437 in
1364 1398 1447 1438 fine
1471 1396 1606 1439 libelli
1629 1398 1734 1440 dixit

450 1569 461 1590 1
491 1570 611 1601 Confer.
638 1571 670 1599 in
692 1582 734 1609 pr.
756 1570 798 1599 De
819 1570 914 1600 Luc-tu
929 1593 937 1606 ‚
964 1581 989 1600 c.
1009 1568 1049 1599 16
1066 1570 1097 1599 in
1121 1571 1195 1606 fine3
1211 1578 1362 1609 praeterea
1382 1579 1441 1601 tam
1460 1573 1627 1602 sententiae
1638 1582 1727 1610 quam

413 1628 526 1655 sor-mae
536 1636 643 1665 magna
657 1631 701 1654 est
711 1625 879 1654 similitudo
890 1625 969 1654 inter
979 1625 1067 1654 illum
1078 1626 1189 1656 librum
1197 1627 1343 1657 etlibrum
1354 1629 1389 1657 de
1401 1628 1559 1658 Saerificiis
1571 1628 1619 1666 (ut
1629 1628 1735 1657 obser—

406 1688 469 1711 tum
486 1683 550 1722 jam
572 1683 630 1712 fuit
648 1693 664 1710 a
676 1682 843 1711 wielando
855 1687 884 1711 et
902 1681 1077 1711 Lehmanno
1088 1683 1125 1711 ad
1136 1683 1205 1712 libr.
1216 1683 1325 1722 titul.).
1347 1685 1383 1714 In
1396 1684 1452 1715 hoe
1463 1691 1562 1714 autem
1580 1695 1642 1714 non
1655 1685 1736 1714 solas

402 1739 547 1773 fabulas·
577 1745 630 1768 aut
661 1739 857 1768 sententias
885 1738 920 1767 de
950 1738 1008 1768 diis
1036 1739 1152 1778 illusit,
1172 1750 1274 1768 verum
1295 1740 1392 1778 ipsum
1409 1742 1484 1770 adeo
1505 1741 1635 1770 cultum
1659 1739 1736 1779 (τὰς

408 1795 616 1838 θρησκείας)
636 1801 697 1839 tarn
721 1800 821 1832 aperte
843 1800 872 1824 et
892 1794 1047 1824 hostiliter
1069 1806 1226 1834 aggressus
1246 1802 1307 1835 est,
1329 1803 1362 1826 ut
1382 1803 1463 1827 certo
1487 1802 1619 1826 statuere
1644 1795 1735 1825 liceat

407 1861 476 1879 eum
498 1849 694 1888 provectioris
715 1860 790 1887 opus
811 1860 886 1880 esse.
907 1849 979 1879 Vid.
997 1861 1022 1879 c.
1045 1848 1062 1878 1
1081 1856 1109 1879 et
1127 1862 1153 1880 c.
1176 1849 1217 1880 10
1236 1862 1322 1890 sqq.;
1348 1852 1383 1882 de
1410 1864 1470 1892 quo
1498 1853 1579 1882 infra
1595 1851 1736 1890 pluribus

411 1911 590 1944 exponetur.
613 1905 736 1935 Librum
754 1906 790 1935 de
812 1905 972 1935 Sacrificiis
989 1905 1059 1934 item
1080 1906 1221 1944 scriptum
1240 1918 1303 1936 esse
1321 1914 1478 1947 postquam
1491 1908 1642 1938 Lucianus
1654 1906 1734 1936 inter

410 1961 573 2001 Aegyptios
584 1968 719 1992 versatus
733 1961 852 2000 suisset,
864 1961 1034 2000 colligimus
1045 1972 1080 1990 ex
1093 1973 1120 1991 c.
1134 1961 1187 2000 14,
1198 1961 1240 2003 ἢν
1250 1957 1322 1997 δ”ἐς
1332 1963 1400 2003 τὴν
1408 1961 1598 2003 ,Αἴγυπτον
1609 1960 1731 2002 ἔλθῃς,

408 2017 494 2049 τότε
520 2018 567 2059 δὴ
586 2017 671 2049 τότε
693 2016 771 2055 ὄψει
794 2016 909 2049 πολλὰ
929 2017 974 2049 τὰ
995 2018 1104 2056 σεμνὰ
1126 2029 1155 2047 κ.
1174 2029 1206 2048 τ.
1220 2016 1251 2048 λ.
1269 2029 1296 2049 ο.
1318 2017 1368 2048 15.

447 2097 464 2117 2
489 2096 559 2126 Yid.
582 2107 628 2125 ex.
641 2107 666 2125 c.
688 2095 730 2125 De
742 2095 857 2134 Luem,
874 2105 901 2124 e.
923 2094 974 2124 13.
989 2113 1026 2118 --
1039 2095 1190 2125 Lucianus
1210 2102 1272 2125 tum
1292 2095 1323 2124 in
1345 2095 1481 2135 Aegypto
1502 2097 1601 2126 fuerat
1613 2106 1659 2135 ,c-
1671 2093 1712 2124 21
1724 2117 1730 2123 .

412 2150 499 2191 λέγω
519 2145 652 2182 δ’ἷδών
664 2175 672 2190 ,
691 2152 728 2180 ad
750 2162 837 2190 quem
855 2152 953 2181 locum
967 2174 975 2189 ,
991 2151 1037 2179 uti
1064 2152 1101 2180 ad
1123 2151 1279 2181 Soloeeist.
1297 2151 1363 2181 c.5.
1385 2151 1514 2180 Solanus
1533 2157 1618 2181 notat
1630 2150 1729 2181 «scri-

405 2213 487 2245 ptum
508 2218 572 2238 esse
593 2214 659 2246 post
681 2207 811 2237 reditum
841 2207 873 2236 in
902 2206 1057 2246 Aegy-pm,
1086 2217 1139 2245 pro
1169 2207 1259 2238 Merc.
1279 2208 1447 2243 conduct..
1470 2219 1536 2238 cum
1557 2215 1646 2238 antea
1662 2208 1730 2238 illic

407 2263 500 2292 fuisse
518 2274 580 2292 non
606 2269 734 2293 constet.
750 2274 765 2293 »
786 2263 863 2293 Mihi
882 2263 1002 2302 quidem
1024 2274 1106 2292 nunc
1124 2273 1139 2292 e
1158 2262 1228 2292 Luc.
1252 2263 1357 2304 Navig.
1377 2274 1402 2293 s.
1424 2263 1513 2293 Votis
1531 2275 1557 2296 c.
1571 2262 1726 2294 23.etiam

402 2325 542 2349 constare
554 2319 673 2349 videtur
680 2331 747 2350 eum
758 2326 847 2358 certe,
859 2325 1020 2358 autequam
1031 2320 1111 2350 hunc
1120 2320 1273 2358 dialogum
1285 2320 1449 2359 scripserit,
1465 2320 1568 2349 nonin
1578 2319 1726 2360 Aegypto,

407 2374 515 2408 fuisse3
536 2374 654 2412 scripsit
681 2380 781 2403 autem
808 2384 900 2413 quum
925 2374 989 2413 jani
1014 2373 1045 2402 in
1076 2373 1138 2402 otio
1167 2373 1296 2404 Athenis
1316 2374 1452 2413 viveret,
1476 2374 1536 2404 vid.
1566 2373 1676 2412 passim
1696 2380 1726 2404 et

405 2443 433 2460 c.
454 2428 514 2468 15,
535 2428 588 2459 33.

453 2494 467 2513 ⁵
500 2495 543 2524 De
563 2495 649 2535 Syria
669 2495 750 2534 Πολ,
769 2507 795 2524 r.
816 2494 852 2533 1,
873 2494 915 2535 3,
937 2496 972 2526 4,
994 2494 1033 2534 6,
1051 2495 1082 2525 9.

454 2570 471 2590 4
497 2571 578 2610 Quos
596 2571 664 2601 vide
683 2572 761 2610 apud
783 2571 946 2601 Lehmann.
967 2572 1014 2600 ad.
1033 2571 1080 2599 tit.
1100 2571 1183 2608 libri5
1206 2570 1237 2598 T.
1261 2569 1311 2608 II,
1327 2581 1354 2608 p.
1376 2568 1455 2602 383,
1480 2575 1507 2598 et
1529 2568 1577 2597 Fr.
1591 2568 1629 2599 V.
1650 2568 1728 2598 Frit-

404 2625 535 2655 7schium
556 2627 697 2667 ‚Quaesh
713 2627 783 2657 Luc.
803 2638 829 2665 p.
851 2626 932 2658 209.
953 2627 1005 2666 qni
1027 2638 1093 2655 cum
1115 2626 1280 2656 u'ielando
1294 2649 1302 2664 ,
1325 2625 1379 2655 Th.
1401 2625 1427 2653 V
1443 2648 1451 2663 ‚
1479 2624 1508 2653 S.
1535 2621 1620 2661 289,
1643 2630 1673 2654 et
1696 2624 1727 2654 in

405 2681 518 2710 adnott.
535 2692 600 2712 eum
632 2682 765 2713 luciano
783 2683 936 2713 vindicant
953 2693 960 2713 :
986 2684 1052 2711 inem
1075 2683 1105 2710 C.
1126 2682 1171 2711 Fr.
1193 2682 1342 2712 Hermann
1357 2704 1364 2711 .
1384 2681 1413 2710 in
1432 2680 1513 2720 Atlg.
1535 2679 1655 2710 Schulz.
1669 2680 1691 2711 l.
1705 2680 1728 2710 l.

401 2736 434 2766 5,
451 2734 523 2767 808.
