2013 3496
873 223 926 260 39

242 349 465 389 consilium
496 361 519 387 a
546 348 729 388 Luciauo
758 347 879 388 editis
917 348 1001 388 duo
1030 348 1156 404 longe
1183 349 1484 402 praestantiora
1510 358 1550 391 et

243 440 343 480 prae
384 425 559 467 caeteris
589 424 679 478 jam
716 425 845 479 ipsius
885 425 1058 479 propria
1098 427 1300 479 opuscula
1341 427 1548 468 censenda

241 511 353 545 sunt.
373 503 570 558 Dialogos
587 504 775 544 volumus
792 501 860 543 De
879 501 1107 544 Amicitia
1123 511 1164 544 et
1179 503 1246 543 De
1265 502 1548 559 Gymnasiis.

241 582 331 623 Non
356 582 484 623 facile
514 581 747 637 quidquam
768 580 1002 634 jucundius
1031 589 1104 623 aut
1132 581 1316 623 lucidius
1344 598 1430 624 esse
1464 598 1549 638 po-

242 667 348 710 test,
404 674 531 715 quam
573 658 834 713 colloquium
885 673 969 714 quo
1008 659 1176 701 Toxaris
1228 667 1267 701 et
1310 661 1550 716 Mnesippus

241 737 350 778 inter
376 751 418 777 se
445 737 682 791 disceptant
709 744 851 777 utrum
879 735 1059 793 Scythae
1084 752 1137 778 an
1173 737 1326 778 Graeci
1356 739 1551 780 meliores

239 814 500 855 existimandi
528 814 610 854 sint
636 813 678 854 in
703 814 962 868 praestandis
983 814 1395 860 amicorum'officiis.
1412 816 1550 858 Nimia

239 892 437 934 orationis
473 891 711 932 volubilitas
747 899 787 931 et
825 891 1059 932 floridiores
1104 900 1359 944 venustates,
1395 895 1549 950 quihus

235 970 437 1026 juvenilis
467 971 647 1024 scriptor
680 968 952 1025 agnoscitur,
987 984 1035 1009 eo
1073 970 1210 1010 minus
1251 972 1442 1027 ingratae
1477 988 1548 1015 ac-

237 1047 408 1098 cidunt,
451 1061 536 1103 quo
573 1047 793 1088 candidius
829 1047 917 1100 ipse
944 1046 1085 1101 prodit
1107 1049 1323 1090 conscium
1347 1051 1553 1105 quodam-

239 1125 362 1168 modo
386 1141 428 1167 se
455 1126 535 1167 sibi
568 1140 654 1166 esse
679 1125 794 1166 illius
819 1124 930 1175 vitii,
965 1124 1035 1165 sed
1066 1127 1185 1180 quasi
1214 1127 1392 1168 invitum
1410 1129 1553 1170 indul—

241 1219 340 1261 gere
368 1203 457 1258 ejus
487 1203 679 1244 suavitati
706 1203 733 1244 ¹.
767 1202 951 1244 Moribus
977 1203 1200 1259 utriusque
1227 1206 1408 1248 nationis
1436 1207 1552 1247 miri-

237 1282 317 1323 fice
332 1281 644 1322 accommodata
661 1281 864 1335 exempla,
880 1280 1034 1335 quibus
1054 1282 1255 1338 utrinque
1271 1283 1552 1338 producendis

237 1367 322 1401 tota
365 1359 592 1413 disputatio
618 1358 790 1414 agitur,
830 1358 906 1399 etsi
940 1358 1189 1412 interposito
1224 1361 1389 1403 ludicro
1426 1362 1552 1416 jure—

230 1437 414 1491 jurando
449 1451 594 1479 eorum
629 1435 734 1478 fides
770 1444 1052 1486 asseveratur,
1088 1451 1172 1478 non
1201 1438 1324 1479 modo
1365 1440 1553 1496 singula-

237 1529 325 1557 rem
354 1515 534 1556 nitorem
557 1514 765 1555 narrantis
786 1514 958 1570 ingenio
985 1513 1139 1555 debere
1168 1515 1239 1557 sed
1264 1518 1418 1571 partim
1449 1519 1553 1560 adeo

236 1594 290 1635 ab
313 1594 404 1648 ipso
431 1593 600 1634 inventa
622 1608 708 1633 esse
731 1592 927 1634 videntur
954 1590 993 1644 ²;
1028 1592 1214 1633 animum
1237 1602 1377 1636 autem
1400 1598 1553 1651 passim

239 1671 466 1713 ostendunt
505 1685 601 1712 cum
647 1672 875 1712 teneriores
908 1673 1117 1714 amicitiae
1144 1671 1317 1714 affectus
1350 1681 1440 1715 tum
1465 1674 1554 1728 ejus

237 1749 504 1791 efficientiam
521 1749 564 1789 in
587 1749 669 1790 vita
689 1749 857 1803 penitus
882 1750 1163 1804 amplexatum
1190 1748 1219 1792 ³.
1253 1751 1553 1794 Verumtamen

236 1827 314 1868 hoc
344 1841 517 1883 quoquo
551 1827 718 1868 nomine
747 1827 855 1869 liber
884 1828 956 1869 ille
995 1843 1017 1868 a
1046 1829 1350 1883 posterioribus
1381 1831 1550 1872 Luciani

232 1905 397 1959 scriptis
423 1904 626 1945 diversam
655 1912 847 1946 naturam
871 1903 996 1946 habet
1013 1939 1022 1955 ,
1058 1914 1104 1947 ut
1131 1907 1296 1947 satirica
1318 1908 1422 1949 ratio
1446 1923 1550 1950 non-

232 1983 333 2024 dum
359 1984 402 2024 in
433 1998 481 2024 eo
510 1991 710 2038 appareat
739 1982 753 2003 ‘¹
783 1991 823 2024 et
865 1985 1057 2025 universa
1096 1986 1284 2040 quamvis
1328 1985 1547 2028 luculenta

278 2116 286 2137 ¹
317 2117 428 2157 Scytha
447 2118 477 2147 in
500 2118 605 2148 Graeci
625 2120 785 2150 adversarii
798 2121 985 2150 sermonibus
1005 2122 1107 2151 illudit
1125 2121 1166 2151 τὸ
1187 2119 1480 2160 καλλιλογεῖσθαι
1493 2146 1500 2160 ,
1521 2135 1546 2153 c.

232 2172 292 2210 35,
319 2179 348 2202 et
373 2172 489 2210 κομψὰ
516 2172 813 2214 ἕγκτιταμιγνύνιιι
841 2175 887 2217 τῷ
917 2174 1025 2217 λόγῳ,
1047 2188 1072 2206 c.
1096 2175 1137 2206 42
1152 2199 1158 2210 ,
1181 2187 1250 2205 mox
1272 2186 1342 2204 vero
1363 2176 1424 2214 ipse
1448 2178 1549 2207 eodem

234 2228 308 2256 vitio
328 2234 429 2266 peccat
444 2234 474 2257 et
499 2230 577 2266 apud
598 2228 782 2268 Mnesippum
810 2231 841 2260 in
872 2232 1055 2270 prolixitatis
1074 2242 1144 2261 suae
1168 2231 1426 2269 reprehensionem
1452 2232 1550 2262 incur-

233 2284 286 2318 rit,
310 2295 337 2313 c.
359 2282 416 2314 56.

278 2344 292 2368 ²
314 2345 531 2387 Jusjurandum
551 2349 612 2381 vid.
635 2348 780 2388 Toxaris,
799 2361 823 2379 e.
855 2349 915 2388 11,
947 2348 997 2379 12.
1025 2350 1231 2390 Jurisjurandi
1266 2356 1365 2379 autem
1393 2350 1484 2388 fides,
1516 2351 1545 2380 in

230 2401 377 2442 Scythicis
405 2409 482 2433 cene
502 2404 748 2444 narrationibus,
769 2406 799 2434 in
823 2405 887 2443 ipso
911 2405 1030 2444 dialogo
1049 2406 1164 2435 ridetur
1177 2428 1186 2442 ‚
1204 2416 1233 2434 v.
1251 2416 1277 2434 c.
1301 2404 1341 2434 35
1354 2424 1360 2435 ,
1381 2403 1433 2434 56.
1459 2405 1545 2435 Cons.

229 2457 264 2487 de
279 2458 422 2497 exemplis
441 2469 456 2488 e
478 2458 657 2499 Scytharum
675 2460 801 2491 historia
816 2461 947 2491 narratis
963 2462 1030 2491 Car.
1052 2462 1141 2492 Geor.
1163 2461 1274 2499 Jacob,
1296 2462 1326 2490 in
1339 2462 1447 2501 singul.
1459 2462 1549 2501 hujus-

228 2511 298 2542 libr.
316 2514 365 2544 ed.
395 2514 493 2544 Hallis
518 2514 623 2551 1825,
654 2522 732 2546 recte
751 2516 916 2546 Lucianum
942 2518 1010 2547 adv.
1034 2517 1256 2547 Dahlmannum
1285 2529 1301 2546 a
1329 2518 1434 2547 violati
1453 2519 1549 2558 juris-

231 2569 360 2607 jurandi
379 2571 502 2601 crimine
524 2572 635 2611 tuitus,
656 2573 822 2612 prolegom.
844 2584 870 2612 p.
895 2573 976 2603 XLI.

280 2633 292 2655 ³
318 2633 441 2663 Plenam
459 2635 563 2665 affectu
575 2647 620 2666 cx.
632 2648 657 2667 st,
680 2637 744 2667 vide
756 2644 869 2668 narrat.
881 2637 918 2667 de
932 2637 1105 2667 Zenothenii
1116 2649 1149 2667 ac
1161 2637 1346 2677 JIe11cc1·ate‚
1363 2639 1391 2668 in
1403 2651 1444 2678 pr.
1455 2652 1480 2669 c.
1494 2639 1546 2670 26.

283 2699 294 2718 ¹*
322 2697 407 2737 Quod
424 2698 566 2738 'l'oxan's¹
586 2712 610 2730 c.
637 2700 676 2740 9,
701 2703 828 2732 Graeco<
848 2702 982 2741 incusat.
1010 2709 1041 2732 ut
1069 2702 1120 2741 qui
1150 2702 1254 2733 melius
1279 2703 1425 2734 amicitiae
1445 2705 1553 2733 lamb-s.
