2013 3496
861 313 909 350 15

227 438 330 478 dixit
361 451 393 477 1:
433 451 595 492 «quam
634 438 756 477 multi
799 437 1013 487 homines,
1049 439 1122 492 qui
1155 446 1273 480 antea
1303 438 1407 480 nihil
1441 440 1540 479 suis·-

221 523 312 557 sent
331 548 341 566 ‚
377 530 453 570 per
485 515 601 556 illam
628 516 789 556 nobiles
824 523 863 556 et
892 516 1042 557 divites
1066 524 1105 557 et
1130 531 1207 571 per
1234 518 1377 558 Jovem
1412 533 1539 574 geue-

220 593 418 634 rosissimi
441 593 725 634 viderentur.»
761 593 925 646 Quibus
941 601 1081 635 autem
1100 595 1278 636 maxime
1295 610 1391 635 usus
1412 595 1540 636 fuerit

220 671 454 712 studiorum
478 671 866 726 opportunitatibus
887 686 1057 725 prorsus
1084 672 1340 728 ignoramus,
1374 674 1540 714 Solum-

220 749 345 790 modo
367 749 614 790 memoravit
635 764 676 790 se
694 757 946 805 anteaquam
964 750 1015 791 ad
1034 749 1287 791 rhetoricam
1303 750 1539 801 accederet,

222 826 486 882 aliquamdiu
525 826 692 867 consilii
733 826 902 880 inopem
938 827 1051 868 circa
1086 827 1247 868 Ioniam
1292 827 1482 868 oberasse
1507 826 1539 869 2.

222 905 389 946 Nullius
424 904 711 959 praeceptoris
746 904 1033 945 studiorumve
1066 906 1241 945 fautoris
1282 906 1538 946 mentionem

222 983 335 1025 fecit.
380 984 526 1037 Neque
558 990 732 1037 propter
767 982 856 1035 ejus
896 989 1188 1035 paupertatem
1230 983 1453 1024 verisimile
1483 992 1543 1025 est

225 1062 261 1102 ei
296 1061 495 1117 obtigisse
527 1069 574 1101 ut
614 1062 658 1101 in
694 1061 966 1101 illustrissimi
1000 1060 1221 1112 cujusdam
1257 1063 1447 1118 magistri
1479 1064 1542 1106 di-

218 1138 440 1193 sciplinam
465 1138 741 1194 reciperetur.
777 1139 984 1179 Herodem
1015 1138 1187 1193 quidem
1204 1140 1392 1181 Atticum
1411 1141 1544 1183 hono-

222 1217 336 1258 rifice
385 1217 632 1258 memoravit
685 1223 723 1267 ³3
768 1231 913 1257 verum
953 1217 984 1256 si
1026 1218 1133 1259 forte
1173 1218 1246 1259 illo
1281 1219 1544 1260 familiariter

223 1311 320 1337 usus
357 1296 486 1336 fuerit
517 1299 554 1347 4,
603 1311 693 1337 sero
746 1296 915 1336 demum
953 1297 995 1337 id
1030 1297 1189 1337 factum
1228 1298 1423 1350 videtur,
1458 1314 1542 1355 quo

222 1381 410 1428 tempore
438 1374 587 1416 relicta
619 1373 845 1428 sophistica
870 1373 1043 1415 Athenis
1073 1376 1340 1418 consedisset.

280 1687 403 1730 Vitae
430 1702 528 1728 suae
552 1686 806 1742 sophisticae
822 1687 1031 1728 Lucianus
1057 1688 1176 1742 quasi
1199 1702 1368 1729 cursum
1392 1703 1544 1744 quem-

224 1765 319 1807 dam
345 1764 585 1822 designavit
616 1765 659 1805 in
693 1763 781 1804 Bis
800 1763 1049 1815 Accusata,
1084 1765 1187 1815 ubi,
1222 1780 1298 1820 per
1329 1767 1542 1808 fictionem

228 1844 393 1898 publici
433 1843 619 1897 judicii,
676 1841 886 1883 rhetorica
940 1850 1154 1897 tamquam
1194 1843 1397 1885 derelicta
1441 1859 1544 1886 uxor

704 1921 718 1942 5

222 1921 398 1962 Athenis
437 1924 659 1969 κακώσεως
762 1935 857 1961 eum
894 1929 1065 1961 accusat
1100 1927 1227 1976 atque
1266 1922 1324 1963 ita
1367 1922 1544 1963 maxime

453 2000 494 2040 ⁶:
543 2000 624 2040 «in
665 1999 783 2041 Ionia
832 2000 932 2040 olim
975 1999 1203 2041 admodum
1256 2000 1545 2051 adolescenti,

224 2001 419 2056 queritur

224 2078 412 2119 oratione
443 2079 659 2119 etiamtum
688 2077 867 2118 barbaro
887 2110 896 2127 ‚
924 2077 1056 2131 ipsam
1084 2093 1126 2118 se
1165 2077 1478 2132 desponsavisse
1507 2087 1547 2119 ct

227 2156 367 2198 dotem
409 2157 447 2197 ei
489 2156 642 2197 multas
687 2163 727 2196 et
772 2154 1043 2196 admirabiles
1082 2154 1289 2196 orationes
1328 2157 1543 2211 attulissc3

281 2345 293 2364 1
319 2344 356 2374 In
384 2343 509 2374 Rhetor.
537 2345 640 2375 Praee.
662 2357 687 2375 c.
707 2344 738 2375 2.
761 2346 796 2375 de
816 2345 994 2384 aequalibus
1015 2345 1176 2383 sophistis:
1201 2344 1324 2377 σκόπει
1352 2345 1440 2386 γοῦν
1460 2344 1549 2377 ὁπό-

225 2408 277 2431 σοι
297 2399 380 2435 τέως
396 2398 509 2441 μηδὲν
526 2397 625 2435 ὄντες
644 2399 777 2436 ἔνδοξοι
802 2401 862 2431 καὶ
885 2399 1043 2431 πλούσιοι
1063 2401 1124 2431 καὶ
1142 2403 1185 2442 νὴ
1209 2401 1281 2431 Δία
1301 2400 1549 2441 εὐγενέστατοι

226 2454 357 2491 ἔδοξαν
376 2455 447 2486 ἀπὸ
469 2455 539 2486 τῶν
556 2455 675 2497 λόγων.

275 2519 290 2538 ²
316 2520 368 2550 Bis
388 2518 462 2552 Ace.
485 2531 512 2550 c.
535 2518 589 2550 27.

273 2582 288 2602 ³
315 2583 352 2612 In
368 2583 441 2613 Vita
460 2583 586 2613 Demon.
603 2594 629 2613 e.
653 2582 715 2619 2·1;
740 2584 822 2613 cons.
839 2596 865 2613 c.
886 2583 938 2613 33.

273 2646 292 2668 4
315 2647 355 2676 Ut
373 2646 512 2676 Struvius
529 2647 675 2683 affirmat,
696 2647 726 2676 iu
745 2647 870 2684 Spa-cim.
892 2647 935 2686 ll,
957 2647 992 2677 dt·
1013 2647 1082 2677 Luc.
1106 2654 1202 2677 aetate
1221 2654 1245 2676 cl
1267 2648 1327 2677 vila
1347 2658 1375 2686 p,
1395 2649 1424 2680 4.

277 2709 289 2729 5
316 2711 366 2740 Bis
385 2710 459 2742 Ace.
478 2722 504 2743 e.
529 2710 581 2740 14.

277 2773 291 2795 ὗ
316 2774 392 2806 Ihid.
409 2787 435 2806 e.
453 2773 496 2806 27
514 2782 542 2806 et
558 2775 611 2806 28.
