2013 3496
863 229 915 268 49

178 395 180 398 ,
233 360 345 416 apud
370 361 578 401 Romanos
600 359 747 399 secisse
770 356 869 396 artis
906 369 1006 395 suae
1045 355 1423 398 commendandae.
1451 357 1561 398 Tum

233 445 306 478 aut
342 437 466 478 fallor
506 435 800 485 vehementer,
842 441 915 473 aut
953 439 993 473 et
1025 432 1323 488 disputationis
1360 449 1489 474 nexus
1520 443 1559 475 et

232 517 314 557 loci
341 515 512 558 habitus
538 516 582 556 in
612 513 871 556 Hermotimo
905 513 990 553 sive
1021 512 1189 569 dialogo
1219 513 1270 554 dc
1299 514 1431 554 Sectis
1461 527 1559 568 pos-

234 595 362 644 tulat,
389 603 436 635 ut
465 594 554 636 illic
574 594 760 648 aliquem
784 590 1077 646 philosophiae
1096 590 1147 631 de
1174 591 1316 632 schola
1347 591 1560 633 doctorem

232 673 492 729 cogitemus,
525 672 642 728 quali
672 669 852 710 maxime
879 669 1026 709 infelix
1067 669 1351 710 Hermotimus
1389 684 1562 724 praece-

231 758 350 804 ptore
377 750 591 791 utebatur.
626 748 824 803 Nigrinus
850 754 1021 797 contra,
1049 747 1125 787 etsi
1151 747 1392 788 Platonicus
1414 754 1440 798 ¹,
1465 762 1560 802 pra-

231 827 384 867 cticam
409 826 674 881 potissimum
698 825 922 880 profitetur
957 822 1269 879 philosophiam
1287 824 1300 846 ²
1342 832 1383 866 et
1410 840 1477 866 eas
1506 825 1559 866 dc

233 904 313 944 vita
347 911 388 945 et
414 905 603 945 moribus
636 902 861 944 sententias
891 902 1099 955 explieat,
1134 916 1239 957 quas
1269 903 1556 944 efficacissime

229 982 367 1035 ipsum
405 982 639 1023 Lucianum
676 980 856 1021 satiricis
889 979 973 1019 suis
1016 979 1184 1034 scriptis
1220 979 1263 1020 in
1307 980 1448 1021 lucem
1484 996 1558 1035 po-

228 1059 358 1100 suisse
388 1059 636 1101 videbimus.
673 1057 923 1098 Praeterea
950 1057 1185 1107 Lucianus‚
1223 1057 1303 1098 nisi
1333 1057 1557 1099 admodum

227 1137 370 1178 servili
411 1138 573 1179 ratione
613 1137 740 1178 unice
778 1137 821 1178 iu
860 1136 997 1176 aliena
1027 1135 1153 1176 verba
1171 1134 1409 1189 juraverit,
1443 1135 1558 1177 hunc

228 1215 386 1256 librum
410 1222 500 1255 tum
529 1215 700 1255 demum
721 1213 908 1254 scribere
932 1214 1096 1268 potuit,
1119 1227 1251 1268 quum
1269 1212 1358 1267 jam
1384 1214 1485 1254 alias
1510 1229 1557 1253 ac

227 1295 387 1335 diutius
415 1296 574 1336 Romae
601 1301 787 1335 versatus
805 1294 957 1333 fuerat.
992 1293 1049 1334 Ea
1079 1292 1191 1332 enim
1216 1292 1557 1346 opportunitate,

229 1386 314 1427 qua
353 1387 394 1412 se
432 1372 658 1428 Nigrinum
699 1371 890 1412 invisisse
936 1369 1065 1420 dicit,
1113 1370 1361 1410 brevissimo
1399 1377 1558 1410 tantum

228 1460 416 1505 tempore
442 1450 530 1490 illic
562 1457 746 1491 moratus
767 1457 840 1491 est.
876 1449 920 1489 ln
951 1449 1100 1490 urbem
1129 1463 1170 1489 se
1200 1449 1440 1490 contulerat
1474 1463 1557 1489 non

224 1530 275 1571 ad
305 1529 558 1571 rhetoricam
579 1535 711 1569 artem
743 1527 1042 1577 exercendam,
1064 1526 1135 1568 sed
1159 1534 1206 1568 ut
1232 1527 1455 1568 oculorum
1471 1542 1557 1568 me-

225 1608 369 1648 dicum
401 1607 480 1648 sibi
512 1605 888 1659 circumspiceret³
905 1612 945 1645 ct
961 1619 1055 1645 mox
1075 1605 1225 1659 inipso
1249 1604 1409 1660 dialogi
1433 1605 1558 1645 initio

221 1684 310 1735 jam
330 1684 428 1725 inde
455 1697 645 1724 reversus
673 1690 861 1737 apparet.
896 1682 1029 1722 Mores
1055 1689 1196 1723 autem
1222 1689 1263 1722 et
1284 1681 1557 1722 domesticam

224 1763 353 1803 vitam
381 1763 669 1803 Romanorum
695 1775 743 1801 ex
775 1774 952 1815 persona
988 1760 1156 1816 Nigrini
1187 1774 1235 1801 eo
1259 1759 1384 1801 modo
1415 1766 1559 1813 notat,

224 1854 310 1894 quo
343 1854 395 1880 ne
425 1845 520 1893 post
553 1837 744 1878 auditum
774 1837 947 1892 quidem
973 1838 1160 1878 alienum
1190 1850 1422 1878 sermonem
1471 1836 1563 1877 fieri

223 1917 266 1958 id
306 1917 494 1972 potuerit
530 1916 583 1957 ab
625 1915 796 1956 homine
840 1916 912 1970 qui
950 1915 1122 1955 Romam
1160 1922 1247 1954 tum
1291 1915 1474 1968 primum
1520 1922 1559 1954 et

224 1995 382 2035 cursim
412 1994 596 2035 vidisset.

284 2182 295 2200 ¹
314 2181 530 2211 Immoderaius
555 2183 672 2221 quidem
698 2182 929 2221 Thilosophicus
967 2180 1219 2217 ἔνθ-οῖ’σιασμὸς
1239 2180 1266 2209 iu
1295 2180 1364 2209 libr}
1384 2183 1506 2212 exordio
1526 2189 1552 2211 et

222 2239 280 2266 line
301 2236 455 2266 affectatur
468 2260 476 2275 ‚
495 2238 572 2267 unde
590 2238 792 2276 Schlosserus,
812 2238 843 2267 in
866 2239 887 2268 l.
910 2238 967 2275 Op.
981 2249 1008 2275 p.
1027 2235 1102 2266 222.
1128 2248 1143 2266 «
1156 2236 1243 2265 Diese
1263 2236 1374 2266 schrift
1391 2239 1547 2267 verhindet

223 2293 276 2322 init
302 2292 427 2322 bitte-rer
454 2292 559 2332 Satyre
596 2294 842 2324 schwfirmenden
872 2294 1086 2323 Platonismus.
1104 2303 1120 2321 »
1158 2293 1215 2321 Sed
1240 2299 1445 2331 praeterquam
1467 2295 1547 2332 quod

229 2345 321 2383 ipsius
341 2346 479 2386 Nigrini,
500 2348 597 2386 quiin
620 2349 699 2378 libro
717 2350 907 2387 reseruntur,
929 2359 1080 2378 sermones
1100 2349 1136 2377 ab
1157 2349 1305 2387 ejusmodi
1323 2348 1457 2378 fanatico
1480 2350 1553 2379 Pla-

223 2402 351 2431 tonismo
371 2403 459 2443 plane
480 2403 626 2433 immunes
647 2411 716 2434 sunt
732 2429 739 2443 e
759 2405 847 2434 etiam
869 2405 947 2445 apud
968 2405 1033 2443 ejus
1050 2404 1215 2433 auditorem
1240 2404 1353 2443 dialogi
1380 2405 1477 2442 potius
1504 2416 1553 2435 co-

222 2456 512 2488 mico-rhetoricum
538 2466 696 2499 ornatum,
724 2471 812 2499 quam
841 2472 943 2491 verum
968 2460 1060 2490 animi
1079 2460 1216 2490 affectum
1241 2461 1272 2489 in
1291 2471 1326 2490 eo
1350 2462 1551 2499 quaerendum

220 2524 284 2541 ess-e
302 2514 410 2551 passim
432 2514 564 2545 dilucide
585 2522 724 2555 apparet;
746 2516 807 2546 vid.
826 2528 872 2546 ex.
896 2528 921 2546 c.
940 2517 962 2546 l.
984 2517 1005 2545 l.
1029 2527 1054 2545 c.
1076 2515 1112 2555 l,
1135 2516 1178 2555 5,
1203 2515 1243 2546 10
1258 2522 1287 2545 et
1305 2516 1371 2545 inii.
1396 2514 1447 2546 12.

269 2585 281 2600 ²
310 2579 425 2619 Nigrin.
448 2591 473 2610 c.
492 2579 554 2615 26,
578 2593 623 2621 sq.
653 2593 678 2611 c.
705 2581 761 2617 193
784 2584 864 2613 cons.
893 2583 956 2612 reri
976 2582 1151 2622 Philosophi
1173 2582 1367 2624 κριτήριον,
1391 2583 1417 2611 iu
1444 2583 1552 2612 vis-vat.

223 2643 247 2659 ις.
278 2630 329 2661 46.

280 2698 293 2717 ‚3
327 2698 406 2737 Nigr.
427 2712 452 2729 c.
475 2700 515 2739 2,
539 2704 567 2731 ¹1.
