2013 3496
1075 266 1130 304 24

433 394 604 450 iugenio
631 394 863 440 Lucianus‚
906 393 938 432 si
976 392 1146 447 quando
1179 408 1199 432 e
1229 394 1346 449 Syria
1370 395 1411 434 in
1447 396 1605 437 ltaliam
1639 398 1755 439 navi-

435 479 591 527 gasset,
643 470 742 525 ipsis
790 469 887 510 libri
920 468 1209 510 defensoribus
1239 469 1459 523 judicibus
1482 506 1492 523 ,
1530 489 1613 515 non
1668 483 1753 517 tam

433 548 625 590 affectato
660 548 755 589 stilo
784 560 906 587 suum
933 547 1013 588 iter
1038 546 1329 602 descripturus
1349 549 1495 590 suisset
1514 583 1524 601 ‚
1566 559 1752 593 statuen-

432 627 532 668 dum
559 640 646 668 esse
670 625 836 667 videtur
863 624 944 666 hoc
974 625 1147 680 quidem
1177 625 1232 666 ab
1268 626 1351 668 alio
1379 628 1562 682 quodam
1594 630 1751 671 sactum

431 703 776 759 descriptumque
791 703 933 752 fuisse,
955 703 1137 758 ideoque
1160 701 1342 744 Amores
1358 720 1440 746 non
1459 721 1546 748 esse
1562 707 1750 749 Luciani.

490 782 618 822 Porro
650 780 751 821 huic
779 782 1010 823 sententiae
1052 782 1311 835 praesidium
1357 785 1578 838 quaeritur
1616 785 1660 827 in
1703 787 1752 827 iis

429 859 557 911 locis,
598 860 671 900 ubi
709 860 918 900 Luciauus
946 860 1156 917 signifieat
1187 876 1229 902 se
1255 861 1485 916 aliquando
1522 863 1566 904 in
1603 864 1719 921 Syria
1741 897 1749 913 ‚

429 938 682 996 Phoenicia,
726 940 919 996 Aegypto
954 939 1109 990 fuisse,
1145 954 1248 995 quas
1277 939 1410 996 igitur
1446 942 1638 998 regiones
1679 957 1752 983 co-

429 1016 660 1071 gnoscendi
697 1030 843 1057 caussa
873 1031 921 1057 eo
951 1023 1138 1070 tempore
1170 1017 1401 1068 invisisset,
1435 1018 1753 1073 quumjuvenis

427 1095 678 1138 Antiochiae
692 1109 930 1136 caussarum
953 1102 1179 1148 patronatu
1211 1110 1253 1135 se
1282 1096 1573 1138 abdicavisset.
1609 1098 1750 1151 Quum

427 1189 526 1215 vero
556 1173 796 1214 noverimus
829 1187 925 1213 eum
953 1187 1121 1223 senem,
1154 1179 1243 1213 tum
1276 1174 1318 1214 in
1351 1174 1544 1231 Aegypto
1576 1176 1751 1230 publico

425 1267 601 1293 munere
631 1251 828 1291 sunctum
858 1264 945 1291 esse
974 1253 1014 1300 ¹,
1067 1257 1179 1300 tum,
1215 1250 1409 1292 fortunae
1428 1285 1437 1302 ‚
1479 1260 1526 1293 ut
1562 1253 1748 1303 videtur,

426 1331 699 1373 conversione
731 1329 961 1379 afflictum⁷
1012 1337 1126 1370 certe
1160 1330 1300 1371 denuo
1332 1332 1519 1385 coepisse
1556 1330 1751 1386 sophisti-

426 1423 493 1449 cas
524 1409 791 1450 recitationes
821 1406 977 1448 habere.
1010 1413 1023 1434 2
1043 1441 1052 1457 ‚
1082 1422 1178 1448 vero
1209 1408 1387 1449 similius
1413 1417 1496 1459 est,
1531 1424 1627 1450 eum
1657 1410 1751 1450 illas

426 1502 597 1544 quoque
626 1487 820 1544 regiones
845 1488 1110 1541 provectiore
1131 1494 1266 1528 aetate
1287 1487 1438 1529 adiisse
1466 1495 1612 1529 ettam
1643 1489 1751 1529 reci-

422 1568 628 1618 tationes,
664 1580 792 1622 quam
817 1564 983 1606 libellos
1011 1566 1053 1605 in
1090 1566 1246 1620 quibus
1279 1566 1462 1622 Aegypti
1493 1575 1532 1608 et
1565 1566 1751 1608 Orientis

423 1645 581 1686 mentio
605 1644 678 1694 fit,
713 1651 803 1684 tum
829 1642 998 1684 demum
1026 1644 1078 1684 ab
1105 1659 1152 1684 eo
1175 1644 1413 1698 conscripta
1437 1645 1587 1699 fuisse,
1616 1660 1747 1700 quum

422 1737 597 1763 munere
628 1736 701 1762 suo
732 1720 953 1762 excidisset
986 1729 1013 1762 ³.

479 1801 639 1853 Quodsi
667 1800 775 1854 ipsos
806 1799 974 1840 libellos
1007 1800 1205 1853 inspicias
1225 1835 1234 1852 ‚
1268 1803 1439 1844 omnino
1469 1803 1627 1844 habent
1663 1818 1749 1858 quo

465 2005 476 2026 1
506 2006 562 2035 Pro
583 2006 673 2036 Mero.
696 2008 790 2038 Cond.
813 2020 840 2038 c.
865 2008 914 2038 12.

468 2067 482 2090 2
508 2070 580 2100 Vid.
607 2071 714 2100 Bacch.
736 2083 763 2102 c.
783 2070 804 2101 6
817 2096 825 2112 ‚
846 2072 884 2112 7,
905 2079 935 2103 et
954 2074 984 2103 in
1004 2085 1047 2111 pr.
1065 2073 1187 2104 Hercul.
1203 2075 1314 2104 Gallie.
1333 2086 1358 2104 c,
1381 2074 1418 2114 7,
1440 2073 1470 2104 8.
1492 2075 1545 2104 llis
1557 2076 1747 2115 adjungenda

420 2124 538 2154 ridetur
558 2124 674 2156 recitat.
706 2126 850 2164 Dipsades
876 2128 1040 2168 inscripta,
1071 2129 1102 2158 in
1131 2140 1190 2168 qua
1208 2140 1269 2158 non
1287 2130 1397 2160 diserte
1416 2130 1535 2169 quidem
1555 2131 1647 2170 dicit,
1667 2136 1747 2160 atta-

418 2191 486 2210 men
513 2181 645 2211 ostendit
670 2192 701 2212 se
719 2193 782 2213 esse
800 2194 917 2223 senem,
937 2184 1059 2213 immani
1080 2185 1324 2224 comparatione,
1344 2196 1369 2214 c.
1391 2184 1412 2215 9
1432 2185 1502 2216 coll.
1522 2186 1561 2225 4,
1589 2198 1647 2226 qua
1666 2187 1748 2216 seni-

418 2238 476 2266 lem
498 2238 714 2276 loquacitatem
734 2239 880 2270 illustrat.

465 2300 478 2318 ³
508 2302 696 2343 Quamquam
725 2303 756 2333 in
783 2305 933 2345 Apologia
963 2305 998 2335 de
1026 2305 1116 2335 Mero.
1143 2306 1238 2335 Cond.
1257 2305 1317 2336 c.l
1342 2313 1370 2336 et
1390 2318 1417 2338 c.
1437 2308 1467 2337 4.
1493 2307 1527 2337 ἐν
1553 2308 1645 2350 γήρᾳ
1670 2305 1736 2337 ἱό-

418 2357 457 2386 112
468 2369 510 2399 [ῳ
537 2369 567 2387 se
593 2370 658 2389 esse
683 2359 777 2400 dicit,
798 2367 898 2391 tamen
926 2373 1017 2400 quum
1039 2367 1170 2399 speraret
1184 2362 1273 2404 (ibid,
1295 2374 1321 2392 c.
1343 2361 1398 2403 13)
1417 2364 1481 2393 fore
1498 2368 1531 2392 ut
1551 2374 1602 2400 per
1619 2373 1728 2392 munus

418 2423 477 2450 quo
497 2419 561 2443 tum
592 2416 784 2456 fungeretur,
812 2419 903 2447 etiam
927 2419 964 2447 ad
995 2419 1109 2457 majora
1131 2418 1320 2458 perveniret,
1345 2430 1405 2448 non
1425 2420 1514 2448 nimis
1532 2419 1664 2458 urgenda
1686 2424 1729 2448 est

418 2470 581 2499 senectutis
604 2472 700 2502 notio.
737 2473 832 2503 Porro
855 2485 891 2503 ex
910 2485 945 2503 eo
962 2474 1070 2503 libello
1084 2475 1177 2516 (cons.
1195 2486 1221 2503 c.
1239 2473 1300 2513 10,
1321 2473 1372 2516 ll)
1394 2485 1453 2504 non
1479 2474 1572 2504 rideri
1595 2485 1661 2503 eum
1688 2485 1733 2503 re-

423 2535 486 2554 nim
504 2526 651 2565 angustiis
668 2529 705 2558 ad
726 2530 946 2568 suscipiendum
964 2541 1074 2560 munus
1092 2536 1227 2559 coactum
1246 2530 1338 2560 fuisse
1352 2554 1359 2567 ‚
1373 2531 1437 2569 jani
1462 2530 1646 2560 VVielaudus
1668 2542 1731 2559 nw-

423 2580 622 2622 nuit,Tl1.1‚
635 2583 664 2613 S.
687 2584 725 2614 X.
749 2585 966 2624 Compi-obertus
984 2598 999 2615 a
1017 2586 1190 2616 Lehmauno
1208 2587 1238 2616 in
1256 2587 1372 2616 adnott.
1390 2587 1427 2616 ad
1447 2586 1555 2616 Reitzii
1572 2588 1708 2628 syllogon
1724 2612 1730 2617 .

422 2644 451 2671 p.
471 2635 568 2676 LXX,
590 2649 621 2669 n.
640 2638 693 2670 19.
726 2640 762 2670 In
782 2641 911 2672 Hercule
933 2649 1036 2672 eontra
1064 2643 1202 2675 Gallico,
1228 2656 1253 2671 ι’.
1281 2643 1299 2672 ’ἶ
1313 2667 1319 2672 .
1348 2641 1387 2680 S,
1417 2653 1476 2672 non
1495 2654 1651 2680 possumus
1669 2655 1728 2673 non

419 2692 550 2724 affictum
582 2706 681 2727 senem
708 2709 883 2737 agnoscere:
906 2701 1043 2740 quocirca
1071 2707 1134 2737 post
1165 2706 1332 2738 susceptum
1353 2711 1460 2730 munus
1480 2701 1617 2731 fortunae
1643 2701 1722 2731 xit-0.»-

417 2754 556 2788 0x*r0rtus
574 2761 635 2780 esse
651 2753 797 2785 videatur.
