2013 3496
887 285 938 323 27

256 426 297 451 se
325 411 420 453 νέον
448 413 511 452 ἔτι
541 415 646 453 ὄντα
676 410 717 450 in
740 410 1057 465 Hierapolitauo
1085 410 1240 464 templo
1266 423 1342 463 pro
1363 423 1478 451 more
1499 424 1569 449 ac-

254 489 442 530 colarum
464 503 628 530 sacrum
643 503 666 528 a
688 489 904 530 nativitate
931 489 1176 529 cincinnum
1195 487 1353 529 dicasse
1367 520 1377 538 ,
1399 488 1570 528 minime

252 579 350 606 sane
379 566 488 607 effici
523 566 671 607 debuit
705 563 746 615 ¹,
773 565 1005 606 Lucianum
1038 565 1080 606 id
1108 573 1196 606 tum
1213 565 1385 615 fecisse,
1411 579 1542 621 quum
1560 598 1569 616 ,

253 642 400 684 relicto
413 675 422 693 ,
449 643 562 697 quod
580 643 728 684 dieunt
744 675 754 693 ,
772 642 1038 684 Antiocheno
1062 643 1152 683 foro
1171 675 1178 692 ,
1197 642 1238 682 in
1257 642 1429 683 Oriente
1449 656 1570 696 pere-

252 720 492 775 grinaretur
520 719 548 761 ².
615 719 754 760 Potuit
789 734 865 773 per
901 721 1211 760 Samosatorum
1257 727 1297 760 et
1337 719 1572 775 Hierapolis

250 796 537 848 vicinitatem,
583 796 684 837 huic
724 797 829 837 mori
866 797 1180 851 obtemperare,
1212 810 1344 850 quum
1368 797 1494 836 etiam
1526 797 1571 836 in

251 881 475 928 parentum
508 874 630 915 domo
677 882 936 925 versaretur,
983 876 1047 915 vel
1084 889 1217 930 quum
1258 875 1442 927 primum
1481 888 1569 916 eam

253 950 497 1005 reliquerat.
553 952 699 1006 Neque
745 965 820 1005 per
864 951 1040 991 eandem
1079 953 1270 992 locorum
1316 951 1570 992 vicinitatem

250 1028 528 1082 improbabile
558 1029 638 1078 sit,
676 1042 771 1068 eum
804 1036 915 1079 tum,
943 1036 1196 1084 anteaquam
1216 1029 1258 1069 in
1278 1028 1440 1070 Ioniam
1468 1029 1569 1078 iret,

249 1104 498 1145 eruditionis
532 1105 890 1159 opportunitatem
936 1106 1015 1146 sibi
1048 1105 1320 1161 quaerendo,
1360 1106 1572 1161 aliquam-

247 1181 321 1222 diu
350 1181 598 1223 Antiochiae
623 1190 926 1223 commoratum
954 1183 1104 1234 fuisse,
1151 1198 1277 1238 quam
1320 1183 1468 1224 urbem
1504 1197 1574 1223 se-

247 1259 328 1300 mel
350 1292 360 1310 ‚
388 1259 501 1314 quod
527 1261 718 1301 novimus
738 1294 747 1311 ‚
776 1262 1117 1302 commemoravit
1138 1262 1182 1302 iu
1209 1262 1319 1303 libro
1337 1262 1387 1302 de
1409 1260 1570 1304 Salta-

250 1338 370 1377 tione
393 1336 421 1378 ³.
470 1339 625 1379 Itinera
663 1354 759 1380 vero
796 1339 838 1379 in
870 1339 988 1396 Syria
1028 1347 1067 1380 et
1092 1338 1349 1391 Phoenicia,
1387 1354 1494 1395 quae
1529 1340 1571 1379 in

248 1414 356 1455 libro
376 1414 425 1455 de
439 1414 577 1469 §yria
592 1414 688 1455 Dea
700 1415 1007 1471 significantur,
1027 1424 1140 1457 certe
1157 1417 1420 1471 provectiore
1434 1416 1573 1471 potius

249 1500 384 1534 aetate
408 1493 558 1535 fecerit
588 1494 627 1543 '¹‚
663 1508 790 1549 quam
826 1502 1079 1550 anteaquam
1115 1510 1278 1551 pauper
1311 1495 1479 1549 juienis
1520 1494 1570 1534 ad

252 1570 504 1613 rhetoricam
550 1572 792 1623 accederet,
841 1581 913 1613 aut
956 1587 1040 1628 quo
1076 1581 1292 1628 tempore,
1336 1589 1383 1615 ex
1419 1573 1573 1615 Suidae

247 1649 486 1690 testimonio
517 1650 817 1705 δυσπραγήσας
838 1683 847 1700 ,
877 1650 1053 1703 judiciis
1083 1651 1360 1693 valedixisset.

306 1728 398 1768 Non
428 1728 726 1768 committimus
760 1729 802 1768 in
838 1727 982 1779 hisce,
1018 1737 1064 1769 ut
1094 1729 1362 1783 conjectandi
1396 1731 1573 1772 audacia

247 1805 426 1846 aliorum
460 1805 717 1859 conjecturis
753 1807 1093 1861 respondeamus,
1138 1809 1218 1849 Sed
1256 1823 1365 1864 quae
1387 1810 1475 1864 ipse
1496 1811 1575 1850 Lu·

247 1883 392 1924 cianus
425 1883 477 1924 de
507 1884 632 1924 rebus
661 1885 745 1924 suis
774 1885 948 1926 tradidit
979 1885 1183 1939 ejusmodi
1215 1895 1338 1937 sunt,
1360 1895 1407 1928 ut
1433 1902 1573 1942 neque

248 1975 342 2012 eae,
363 1975 466 2016 quas
489 1961 747 2013 censuimus,
771 1964 1002 2004 sententiae
1028 1964 1223 2018 probari,
1243 1979 1382 2020 neque
1403 1965 1573 2006 omnino

296 2113 304 2135 ³
336 2116 485 2146 Wetztar.
501 2116 523 2145 l.
543 2126 649 2148 comm.
670 2127 697 2154 p.
717 2116 768 2146 33,

296 2179 310 2197 ²
335 2179 544 2218 Quamtumvis
572 2179 649 2209 enim
678 2181 819 2219 juvenem
854 2180 1017 2208 Luc-iamim
1048 2193 1063 2209 a
1091 2182 1157 2210 foro
1187 2182 1331 2219 refugisse
1361 2186 1496 2219 statuas,
1525 2180 1574 2208 iel

251 2235 295 2263 sic
323 2233 501 2263 incredibile
524 2235 582 2273 sit,
608 2246 675 2264 eum
705 2241 734 2264 et
756 2236 785 2264 in
806 2235 890 2263 Ionia
907 2241 935 2264 ot
965 2235 1110 2274 Graecia,
1134 2235 1203 2264 duni
1234 2235 1412 2264 rhetoricam
1431 2235 1577 2273 disceret,

247 2295 277 2318 ot
311 2288 513 2328 Antiochiae,
541 2290 610 2319 dum
640 2301 761 2319 caussas
789 2297 898 2325 oraret,
924 2297 1098 2321 constanter
1117 2302 1216 2320 sacros
1239 2291 1365 2328 capillos
1382 2290 1576 2323 submisisse,

253 2357 328 2384 qnos
347 2346 501 2385 Hierapoli
519 2347 683 2385 aliquando
700 2348 870 2385 deponeret.

300 2408 314 2427 3
340 2409 383 2439 De
407 2410 594 2448 Saltatione,
621 2422 646 2440 e.
677 2410 730 2441 76.
765 2410 871 2440 Nescio
900 2410 977 2439 unde
1006 2411 1133 2439 maxime
1157 2411 1212 2439 hoe
1237 2410 1347 2439 haheat
1372 2409 1574 2441 Wielandus.

256 2465 328 2504 uhi,
350 2465 404 2495 Th.
426 2465 488 2496 IY.
512 2466 540 2494 S.
559 2464 642 2504 373,
663 2467 783 2496 adeum
803 2467 900 2495 locum
924 2467 1066 2495 affirmat:
1088 2466 1251 2496 Luci-anum
1272 2466 1455 2505 provectiore
1477 2470 1574 2494 aetate

250 2531 337 2559 saepe
362 2521 541 2551 Antiochiae
560 2528 772 2551 commoratum
791 2522 893 2551 fuiss-0.

304 2583 322 2606 4
347 2584 449 2624 Neque
477 2585 623 2624 significat
652 2585 802 2614 lucianus
822 2585 937 2623 reliqna
961 2586 1069 2615 itinera
1098 2592 1125 2614 el
1152 2586 1328 2623 capillorum
1355 2585 1570 2614 dedicationem

255 2640 334 2669 eirea
358 2640 431 2670 idem
457 2647 572 2679 tempus
592 2642 668 2670 sacia
689 2651 765 2673 essm
792 2652 845 2670 nes·
864 2642 903 2676 si,
928 2653 1016 2681 quum
1038 2642 1176 2671 scriberet
1201 2642 1568 2680 libellum,nvstersacta

256 2696 328 2725 hacc
358 2696 507 2726 dedicatio
527 2699 622 2727 suerat
639 2721 645 2735 5
663 2698 850 2726 ‹utun-enimet
872 2699 977 2727 addere
1003 2698 1060 2727 mc>
1089 2697 1152 2728 ‹1'1rv
1184 2699 1249 2733 urs*
1284 2697 1318 2727 ir
1344 2697 1392 2739 τῷ
1419 2696 1479 2738 Ipso
1512 2698 1571 2727 καὶ

254 2762 269 2780 ο
300 2749 476 2791 πλόκαμος
497 2754 554 2783 καὶ
580 2754 617 2784 τὸ
642 2752 784 2791 or'ropm.
