<?xml version="1.0" encoding="UTF-8"?>
<!DOCTYPE html PUBLIC "-//W3C//DTD XHTML 1.0 Transitional//EN"
    "http://www.w3.org/TR/xhtml1/DTD/xhtml1-transitional.dtd">
<html xmlns="http://www.w3.org/1999/xhtml" xml:lang="en" lang="en">
 <head>
  <title>
</title>
<meta http-equiv="Content-Type" content="text/html;charset=utf-8" />
  <meta name='ocr-system' content='tesseract 3.04.00' />
  <meta name='ocr-capabilities' content='ocr_page ocr_carea ocr_par ocr_line ocrx_word'/>
</head>
<body>
  <div class='ocr_page' id='page_1' title='image "./dissertatioliter00meesuoft_0072.png"; bbox 0 0 2013 3496; ppageno 0'>
   <div class='ocr_carea' id='block_1_1' title="bbox 1080 194 1131 233">
    <p class='ocr_par' dir='ltr' id='par_1_1' title="bbox 1080 194 1131 233">
     <span class='ocr_line' id='line_1_1' title="bbox 1080 194 1131 233; baseline 0 0"><span class='ocrx_word' id='word_1_1' title='bbox 1080 194 1131 233; x_wconf 76' lang='lat'>(32</span> 
     </span>
    </p>
   </div>
   <div class='ocr_carea' id='block_1_2' title="bbox 435 320 1767 2419">
    <p class='ocr_par' dir='ltr' id='par_1_2' title="bbox 435 320 1767 2419">
     <span class='ocr_line' id='line_1_2' title="bbox 438 320 1760 381; baseline 0.006 -22"><span class='ocrx_word' id='word_1_2' title='bbox 438 320 673 370; x_wconf 81' lang='lat' dir='ltr'>sanissima,</span> <span class='ocrx_word' id='word_1_3' title='bbox 703 335 783 377; x_wconf 86' lang='lat' dir='ltr'>qua</span> <span class='ocrx_word' id='word_1_4' title='bbox 819 328 906 361; x_wconf 77' lang='lat' dir='ltr'>crat</span> <span class='ocrx_word' id='word_1_5' title='bbox 933 330 1073 362; x_wconf 80' lang='lat' dir='ltr'>mente</span> <span class='ocrx_word' id='word_1_6' title='bbox 1092 354 1103 373; x_wconf 86' lang='lat'>‚</span> <span class='ocrx_word' id='word_1_7' title='bbox 1141 336 1481 381; x_wconf 74' lang='lat' dir='ltr'>unamquamque</span> <span class='ocrx_word' id='word_1_8' title='bbox 1513 326 1760 367; x_wconf 74' lang='lat' dir='ltr'>insolentem</span> 
     </span>
     <span class='ocr_line' id='line_1_3' title="bbox 437 398 1764 456; baseline 0.007 -20"><span class='ocrx_word' id='word_1_9' title='bbox 437 405 509 438; x_wconf 79' lang='lat' dir='ltr'>aut</span> <span class='ocrx_word' id='word_1_10' title='bbox 541 398 776 439; x_wconf 83' lang='lat' dir='ltr'>assectatam</span> <span class='ocrx_word' id='word_1_11' title='bbox 810 399 994 453; x_wconf 80' lang='lat' dir='ltr'>speeiem</span> <span class='ocrx_word' id='word_1_12' title='bbox 1030 400 1303 454; x_wconf 79' lang='lat' dir='ltr'>repudiabat,</span> <span class='ocrx_word' id='word_1_13' title='bbox 1333 409 1374 442; x_wconf 86' lang='lat' dir='ltr'>ct</span> <span class='ocrx_word' id='word_1_14' title='bbox 1399 404 1685 456; x_wconf 66' lang='grc' dir='ltr'>ἀνθρώπινα,</span> <span class='ocrx_word' id='word_1_15' title='bbox 1718 413 1764 445; x_wconf 91' lang='lat' dir='ltr'>ut</span> 
     </span>
     <span class='ocr_line' id='line_1_4' title="bbox 438 476 1764 536; baseline 0.005 -19"><span class='ocrx_word' id='word_1_16' title='bbox 438 479 480 518; x_wconf 90' lang='lat' dir='ltr'>in</span> <span class='ocrx_word' id='word_1_17' title='bbox 509 476 770 532; x_wconf 73' lang='lat' dir='ltr'>Lexipltane</span> <span class='ocrx_word' id='word_1_18' title='bbox 793 477 926 528; x_wconf 83' lang='lat' dir='ltr'>dixit,</span> <span class='ocrx_word' id='word_1_19' title='bbox 958 479 1124 520; x_wconf 79' lang='lat' dir='ltr'>volebat</span> <span class='ocrx_word' id='word_1_20' title='bbox 1150 486 1323 536; x_wconf 64' lang='grc' dir='ltr'>φρονεῖν</span> <span class='ocrx_word' id='word_1_21' title='bbox 1355 484 1426 522; x_wconf 83' lang='grc' dir='ltr'>καὶ</span> <span class='ocrx_word' id='word_1_22' title='bbox 1451 481 1592 533; x_wconf 67' lang='grc' dir='ltr'><em>λέγειν</em></span> <span class='ocrx_word' id='word_1_23' title='bbox 1620 486 1647 524; x_wconf 89' lang='lat'>¹.</span> <span class='ocrx_word' id='word_1_24' title='bbox 1693 483 1764 524; x_wconf 93' lang='lat' dir='ltr'>Di-</span> 
     </span>
     <span class='ocr_line' id='line_1_5' title="bbox 437 557 1764 617; baseline 0.004 -20"><span class='ocrx_word' id='word_1_25' title='bbox 437 557 612 613; x_wconf 85' lang='lat' dir='ltr'>ligentia</span> <span class='ocrx_word' id='word_1_26' title='bbox 641 565 782 598; x_wconf 86' lang='lat' dir='ltr'>autem</span> <span class='ocrx_word' id='word_1_27' title='bbox 803 591 812 608; x_wconf 88' lang='lat'>,</span> <span class='ocrx_word' id='word_1_28' title='bbox 845 572 927 615; x_wconf 88' lang='lat' dir='ltr'>qua</span> <span class='ocrx_word' id='word_1_29' title='bbox 957 572 1127 613; x_wconf 79' lang='lat' dir='ltr'>asperae</span> <span class='ocrx_word' id='word_1_30' title='bbox 1147 560 1234 600; x_wconf 87' lang='lat' dir='ltr'>viae</span> <span class='ocrx_word' id='word_1_31' title='bbox 1262 567 1514 614; x_wconf 84' lang='lat' dir='ltr'>praeceptor</span> <span class='ocrx_word' id='word_1_32' title='bbox 1535 561 1764 617; x_wconf 81' lang='lat' dir='ltr'>discipulos</span> 
     </span>
     <span class='ocr_line' id='line_1_6' title="bbox 435 635 1764 696; baseline 0.002 -19"><span class='ocrx_word' id='word_1_33' title='bbox 435 652 529 677; x_wconf 80' lang='lat' dir='ltr'>suos</span> <span class='ocrx_word' id='word_1_34' title='bbox 552 635 678 690; x_wconf 88' lang='lat' dir='ltr'>jubet</span> <span class='ocrx_word' id='word_1_35' title='bbox 706 638 838 679; x_wconf 86' lang='lat' dir='ltr'>veluti</span> <span class='ocrx_word' id='word_1_36' title='bbox 860 652 936 692; x_wconf 86' lang='lat' dir='ltr'>per</span> <span class='ocrx_word' id='word_1_37' title='bbox 968 644 1183 678; x_wconf 79' lang='lat' dir='ltr'>extentum</span> <span class='ocrx_word' id='word_1_38' title='bbox 1212 638 1357 679; x_wconf 85' lang='lat' dir='ltr'>funem</span> <span class='ocrx_word' id='word_1_39' title='bbox 1389 640 1664 696; x_wconf 85' lang='lat' dir='ltr'>antiquorum</span> <span class='ocrx_word' id='word_1_40' title='bbox 1698 656 1764 681; x_wconf 74' lang='lat' dir='ltr'>ve-</span> 
     </span>
     <span class='ocr_line' id='line_1_7' title="bbox 435 714 1766 770; baseline 0.004 -17"><span class='ocrx_word' id='word_1_41' title='bbox 435 714 557 769; x_wconf 80' lang='lat' dir='ltr'>stigia</span> <span class='ocrx_word' id='word_1_42' title='bbox 599 714 747 770; x_wconf 82' lang='lat' dir='ltr'>sequi,</span> <span class='ocrx_word' id='word_1_43' title='bbox 793 728 878 755; x_wconf 89' lang='lat' dir='ltr'>non</span> <span class='ocrx_word' id='word_1_44' title='bbox 915 714 1084 764; x_wconf 80' lang='lat' dir='ltr'>servili,</span> <span class='ocrx_word' id='word_1_45' title='bbox 1112 714 1184 755; x_wconf 89' lang='lat' dir='ltr'>sed</span> <span class='ocrx_word' id='word_1_46' title='bbox 1223 730 1370 756; x_wconf 78' lang='lat' dir='ltr'>severo</span> <span class='ocrx_word' id='word_1_47' title='bbox 1403 723 1444 756; x_wconf 86' lang='lat' dir='ltr'>ct</span> <span class='ocrx_word' id='word_1_48' title='bbox 1488 725 1690 758; x_wconf 84' lang='lat' dir='ltr'>accurato</span> <span class='ocrx_word' id='word_1_49' title='bbox 1725 726 1766 758; x_wconf 88' lang='lat' dir='ltr'>et</span> 
     </span>
     <span class='ocr_line' id='line_1_8' title="bbox 437 791 1764 848; baseline 0.002 -15"><span class='ocrx_word' id='word_1_50' title='bbox 437 791 707 847; x_wconf 83' lang='lat' dir='ltr'>pervulgatos</span> <span class='ocrx_word' id='word_1_51' title='bbox 748 792 792 832; x_wconf 81' lang='lat' dir='ltr'>in</span> <span class='ocrx_word' id='word_1_52' title='bbox 835 799 1061 848; x_wconf 82' lang='lat' dir='ltr'>utramque</span> <span class='ocrx_word' id='word_1_53' title='bbox 1104 800 1268 847; x_wconf 85' lang='lat' dir='ltr'>partem</span> <span class='ocrx_word' id='word_1_54' title='bbox 1299 808 1461 835; x_wconf 86' lang='lat' dir='ltr'>errores</span> <span class='ocrx_word' id='word_1_55' title='bbox 1496 802 1620 836; x_wconf 85' lang='lat' dir='ltr'>caute</span> <span class='ocrx_word' id='word_1_56' title='bbox 1650 795 1764 837; x_wconf 84' lang='lat' dir='ltr'>devi-</span> 
     </span>
     <span class='ocr_line' id='line_1_9' title="bbox 438 869 1767 925; baseline 0.003 -15"><span class='ocrx_word' id='word_1_57' title='bbox 438 870 540 910; x_wconf 82' lang='lat' dir='ltr'>tanti</span> <span class='ocrx_word' id='word_1_58' title='bbox 573 870 849 925; x_wconf 87' lang='lat' dir='ltr'>antiquorum</span> <span class='ocrx_word' id='word_1_59' title='bbox 879 869 1018 910; x_wconf 86' lang='lat' dir='ltr'>studio</span> <span class='ocrx_word' id='word_1_60' title='bbox 1051 869 1260 912; x_wconf 76' lang='lat' dir='ltr'>censenda</span> <span class='ocrx_word' id='word_1_61' title='bbox 1292 879 1365 913; x_wconf 85' lang='lat' dir='ltr'>est.</span> <span class='ocrx_word' id='word_1_62' title='bbox 1410 872 1528 914; x_wconf 91' lang='lat' dir='ltr'>Hanc</span> <span class='ocrx_word' id='word_1_63' title='bbox 1567 874 1693 914; x_wconf 88' lang='lat' dir='ltr'>unice</span> <span class='ocrx_word' id='word_1_64' title='bbox 1725 888 1767 914; x_wconf 82' lang='lat' dir='ltr'>se</span> 
     </span>
     <span class='ocr_line' id='line_1_10' title="bbox 442 947 1764 1003; baseline 0.004 -17"><span class='ocrx_word' id='word_1_65' title='bbox 442 948 621 1002; x_wconf 64' lang='lat' dir='ltr'>probare</span> <span class='ocrx_word' id='word_1_66' title='bbox 658 947 822 1002; x_wconf 84' lang='lat' dir='ltr'>saepius</span> <span class='ocrx_word' id='word_1_67' title='bbox 855 947 1065 988; x_wconf 86' lang='lat' dir='ltr'>Lucianus</span> <span class='ocrx_word' id='word_1_68' title='bbox 1088 948 1180 990; x_wconf 84' lang='lat' dir='ltr'>aliis</span> <span class='ocrx_word' id='word_1_69' title='bbox 1214 948 1316 990; x_wconf 89' lang='lat' dir='ltr'>locis</span> <span class='ocrx_word' id='word_1_70' title='bbox 1340 957 1512 992; x_wconf 86' lang='lat' dir='ltr'>testatus</span> <span class='ocrx_word' id='word_1_71' title='bbox 1542 958 1616 993; x_wconf 83' lang='lat' dir='ltr'>cst.</span> <span class='ocrx_word' id='word_1_72' title='bbox 1651 952 1764 1003; x_wconf 83' lang='lat' dir='ltr'>Jam,</span> 
     </span>
     <span class='ocr_line' id='line_1_11' title="bbox 435 1027 1767 1071; baseline 0.003 -4"><span class='ocrx_word' id='word_1_73' title='bbox 435 1029 467 1068; x_wconf 84' lang='lat' dir='ltr'>si</span> <span class='ocrx_word' id='word_1_74' title='bbox 507 1027 818 1069; x_wconf 78' lang='lat' dir='ltr'>adolescentiae</span> <span class='ocrx_word' id='word_1_75' title='bbox 854 1042 955 1068; x_wconf 82' lang='lat' dir='ltr'>suae</span> <span class='ocrx_word' id='word_1_76' title='bbox 987 1028 1162 1069; x_wconf 82' lang='lat' dir='ltr'>consilia</span> <span class='ocrx_word' id='word_1_77' title='bbox 1194 1029 1238 1069; x_wconf 90' lang='lat' dir='ltr'>in</span> <span class='ocrx_word' id='word_1_78' title='bbox 1266 1027 1450 1070; x_wconf 78' lang='lat' dir='ltr'>Somnio</span> <span class='ocrx_word' id='word_1_79' title='bbox 1485 1044 1531 1070; x_wconf 83' lang='lat' dir='ltr'>ex</span> <span class='ocrx_word' id='word_1_80' title='bbox 1569 1045 1664 1071; x_wconf 77' lang='lat' dir='ltr'>voro</span> <span class='ocrx_word' id='word_1_81' title='bbox 1691 1030 1767 1071; x_wconf 88' lang='lat' dir='ltr'>de-</span> 
     </span>
     <span class='ocr_line' id='line_1_12' title="bbox 437 1108 1763 1164; baseline 0.002 -17"><span class='ocrx_word' id='word_1_82' title='bbox 437 1108 627 1162; x_wconf 77' lang='lat' dir='ltr'>scripsit,</span> <span class='ocrx_word' id='word_1_83' title='bbox 671 1121 720 1147; x_wconf 90' lang='lat' dir='ltr'>eo</span> <span class='ocrx_word' id='word_1_84' title='bbox 759 1113 975 1160; x_wconf 66' lang='lat' dir='ltr'>temporo,</span> <span class='ocrx_word' id='word_1_85' title='bbox 1019 1121 1104 1164; x_wconf 88' lang='lat' dir='ltr'>quo</span> <span class='ocrx_word' id='word_1_86' title='bbox 1146 1109 1329 1163; x_wconf 85' lang='lat' dir='ltr'>primum</span> <span class='ocrx_word' id='word_1_87' title='bbox 1374 1110 1417 1149; x_wconf 89' lang='lat' dir='ltr'>in</span> <span class='ocrx_word' id='word_1_88' title='bbox 1458 1110 1590 1151; x_wconf 85' lang='lat' dir='ltr'>literis</span> <span class='ocrx_word' id='word_1_89' title='bbox 1637 1110 1763 1150; x_wconf 77' lang='lat' dir='ltr'>vitam</span> 
     </span>
     <span class='ocr_line' id='line_1_13' title="bbox 436 1183 1763 1242; baseline 0 -16"><span class='ocrx_word' id='word_1_90' title='bbox 436 1200 563 1242; x_wconf 84' lang='lat' dir='ltr'>agere</span> <span class='ocrx_word' id='word_1_91' title='bbox 620 1183 838 1225; x_wconf 84' lang='lat' dir='ltr'>constituit</span> <span class='ocrx_word' id='word_1_92' title='bbox 893 1184 1091 1239; x_wconf 84' lang='lat' dir='ltr'>antiquos</span> <span class='ocrx_word' id='word_1_93' title='bbox 1148 1185 1364 1241; x_wconf 80' lang='lat' dir='ltr'>cogitavit.</span> <span class='ocrx_word' id='word_1_94' title='bbox 1414 1186 1476 1228; x_wconf 82' lang='lat' dir='ltr'>Ita</span> <span class='ocrx_word' id='word_1_95' title='bbox 1512 1186 1624 1227; x_wconf 83' lang='lat' dir='ltr'>enim</span> <span class='ocrx_word' id='word_1_96' title='bbox 1668 1200 1763 1227; x_wconf 87' lang='lat' dir='ltr'>eum</span> 
     </span>
     <span class='ocr_line' id='line_1_14' title="bbox 439 1262 1766 1318; baseline 0.002 -14"><span class='ocrx_word' id='word_1_97' title='bbox 439 1263 632 1304; x_wconf 87' lang='lat' dir='ltr'>Eruditio</span> <span class='ocrx_word' id='word_1_98' title='bbox 665 1262 851 1303; x_wconf 82' lang='lat' dir='ltr'>allocuta</span> <span class='ocrx_word' id='word_1_99' title='bbox 877 1268 959 1302; x_wconf 87' lang='lat' dir='ltr'>est:</span> <span class='ocrx_word' id='word_1_100' title='bbox 983 1266 1153 1318; x_wconf 79' lang='grc' dir='ltr'><em>πρῶτον</em></span> <span class='ocrx_word' id='word_1_101' title='bbox 1188 1265 1267 1317; x_wconf 81' lang='grc' dir='ltr'>μέν</span> <span class='ocrx_word' id='word_1_102' title='bbox 1301 1281 1365 1306; x_wconf 85' lang='grc' dir='ltr'>σοι</span> <span class='ocrx_word' id='word_1_103' title='bbox 1395 1264 1536 1306; x_wconf 80' lang='grc' dir='ltr'><em>πολλὰ</em></span> <span class='ocrx_word' id='word_1_104' title='bbox 1567 1265 1766 1315; x_wconf 71' lang='grc' dir='ltr'><em>ἐπιδείξω</em></span> 
     </span>
     <span class='ocr_line' id='line_1_15' title="bbox 438 1341 1766 1397; baseline 0.001 -14"><span class='ocrx_word' id='word_1_105' title='bbox 438 1341 640 1384; x_wconf 75' lang='grc' dir='ltr'><em>παλαιῶν</em></span> <span class='ocrx_word' id='word_1_106' title='bbox 685 1341 856 1395; x_wconf 73' lang='grc' dir='ltr'><em>ἀνδρῶν</em></span> <span class='ocrx_word' id='word_1_107' title='bbox 904 1341 1008 1394; x_wconf 70' lang='grc' dir='ltr'>ἔργα</span> <span class='ocrx_word' id='word_1_108' title='bbox 1053 1343 1125 1381; x_wconf 82' lang='grc' dir='ltr'>καὶ</span> <span class='ocrx_word' id='word_1_109' title='bbox 1168 1341 1342 1397; x_wconf 69' lang='grc' dir='ltr'>πράξεις</span> <span class='ocrx_word' id='word_1_110' title='bbox 1391 1346 1651 1396; x_wconf 70' lang='grc' dir='ltr'><em>θαυμαστάς</em></span> <span class='ocrx_word' id='word_1_111' title='bbox 1692 1346 1766 1384; x_wconf 75' lang='grc' dir='ltr'><strong><em>καί</em></strong></span> 
     </span>
     <span class='ocr_line' id='line_1_16' title="bbox 439 1417 1764 1476; baseline 0.002 -16"><span class='ocrx_word' id='word_1_112' title='bbox 439 1418 591 1471; x_wconf 75' lang='grc' dir='ltr'><em>λόγους</em></span> <span class='ocrx_word' id='word_1_113' title='bbox 620 1419 763 1461; x_wconf 74' lang='grc' dir='ltr'><em>αὐτῶν</em></span> <span class='ocrx_word' id='word_1_114' title='bbox 796 1417 1132 1469; x_wconf 57' lang='grc' dir='ltr'><em>(ἐπαγγέλλουσα</em></span> <span class='ocrx_word' id='word_1_115' title='bbox 1151 1417 1180 1460; x_wconf 73' lang='lat'>².</span> <span class='ocrx_word' id='word_1_116' title='bbox 1215 1419 1265 1459; x_wconf 89' lang='lat' dir='ltr'>Et</span> <span class='ocrx_word' id='word_1_117' title='bbox 1289 1420 1453 1476; x_wconf 84' lang='lat' dir='ltr'>quoties</span> <span class='ocrx_word' id='word_1_118' title='bbox 1474 1428 1616 1474; x_wconf 87' lang='lat' dir='ltr'>postea</span> <span class='ocrx_word' id='word_1_119' title='bbox 1634 1421 1764 1462; x_wconf 78' lang='lat' dir='ltr'>bona-</span> 
     </span>
     <span class='ocr_line' id='line_1_17' title="bbox 441 1497 1762 1555; baseline 0.001 -17"><span class='ocrx_word' id='word_1_120' title='bbox 441 1512 535 1538; x_wconf 89' lang='lat' dir='ltr'>rum</span> <span class='ocrx_word' id='word_1_121' title='bbox 570 1498 789 1538; x_wconf 84' lang='lat' dir='ltr'>literarum</span> <span class='ocrx_word' id='word_1_122' title='bbox 830 1511 1021 1537; x_wconf 77' lang='lat' dir='ltr'>caussam</span> <span class='ocrx_word' id='word_1_123' title='bbox 1058 1497 1256 1538; x_wconf 87' lang='lat' dir='ltr'>adversus</span> <span class='ocrx_word' id='word_1_124' title='bbox 1297 1498 1497 1555; x_wconf 79' lang='lat' dir='ltr'>aequales</span> <span class='ocrx_word' id='word_1_125' title='bbox 1543 1506 1762 1549; x_wconf 76' lang='lat' dir='ltr'>tueretur3</span> 
     </span>
     <span class='ocr_line' id='line_1_18' title="bbox 439 1574 1765 1632; baseline 0.002 -17"><span class='ocrx_word' id='word_1_126' title='bbox 439 1575 610 1616; x_wconf 80' lang='lat' dir='ltr'>illarum</span> <span class='ocrx_word' id='word_1_127' title='bbox 643 1574 901 1630; x_wconf 78' lang='lat' dir='ltr'>praesidium</span> <span class='ocrx_word' id='word_1_128' title='bbox 940 1574 985 1614; x_wconf 89' lang='lat' dir='ltr'>in</span> <span class='ocrx_word' id='word_1_129' title='bbox 1023 1575 1298 1632; x_wconf 85' lang='lat' dir='ltr'>antiquorum</span> <span class='ocrx_word' id='word_1_130' title='bbox 1330 1575 1471 1616; x_wconf 87' lang='lat' dir='ltr'>studio</span> <span class='ocrx_word' id='word_1_131' title='bbox 1507 1577 1659 1630; x_wconf 84' lang='lat' dir='ltr'>posuit.</span> <span class='ocrx_word' id='word_1_132' title='bbox 1683 1576 1765 1618; x_wconf 82' lang='lat' dir='ltr'>Le-</span> 
     </span>
     <span class='ocr_line' id='line_1_19' title="bbox 440 1652 1767 1709; baseline 0.002 -17"><span class='ocrx_word' id='word_1_133' title='bbox 440 1653 640 1709; x_wconf 75' lang='lat' dir='ltr'>.c1&#39;phani</span> <span class='ocrx_word' id='word_1_134' title='bbox 679 1652 932 1708; x_wconf 79' lang='lat' dir='ltr'>sophisticae</span> <span class='ocrx_word' id='word_1_135' title='bbox 970 1653 1107 1694; x_wconf 89' lang='lat' dir='ltr'>laudis</span> <span class='ocrx_word' id='word_1_136' title='bbox 1146 1654 1353 1708; x_wconf 82' lang='lat' dir='ltr'>captatori</span> <span class='ocrx_word' id='word_1_137' title='bbox 1398 1661 1547 1695; x_wconf 86' lang='lat' dir='ltr'>auctor</span> <span class='ocrx_word' id='word_1_138' title='bbox 1591 1662 1677 1705; x_wconf 86' lang='lat' dir='ltr'>est,</span> <span class='ocrx_word' id='word_1_139' title='bbox 1719 1662 1767 1695; x_wconf 78' lang='lat' dir='ltr'>ut</span> 
     </span>
     <span class='ocr_line' id='line_1_20' title="bbox 441 1732 1765 1787; baseline 0.001 -14"><span class='ocrx_word' id='word_1_140' title='bbox 441 1733 616 1773; x_wconf 84' lang='lat' dir='ltr'>sanioris</span> <span class='ocrx_word' id='word_1_141' title='bbox 660 1733 832 1774; x_wconf 86' lang='lat' dir='ltr'>rationis</span> <span class='ocrx_word' id='word_1_142' title='bbox 869 1732 1039 1773; x_wconf 85' lang='lat' dir='ltr'>initium</span> <span class='ocrx_word' id='word_1_143' title='bbox 1074 1732 1203 1773; x_wconf 76' lang='lat' dir='ltr'>faciat</span> <span class='ocrx_word' id='word_1_144' title='bbox 1235 1733 1288 1773; x_wconf 85' lang='lat' dir='ltr'>ab</span> <span class='ocrx_word' id='word_1_145' title='bbox 1317 1734 1484 1787; x_wconf 85' lang='lat' dir='ltr'>optimis</span> <span class='ocrx_word' id='word_1_146' title='bbox 1521 1734 1657 1787; x_wconf 72' lang='lat' dir='ltr'>poetis</span> <span class='ocrx_word' id='word_1_147' title='bbox 1688 1733 1765 1774; x_wconf 72' lang='lat' dir='ltr'>sul&gt;</span> 
     </span>
     <span class='ocr_line' id='line_1_21' title="bbox 441 1810 1764 1867; baseline 0.002 -18"><span class='ocrx_word' id='word_1_148' title='bbox 441 1811 642 1867; x_wconf 85' lang='lat' dir='ltr'>magistro</span> <span class='ocrx_word' id='word_1_149' title='bbox 660 1810 867 1867; x_wconf 81' lang='lat' dir='ltr'>legendis,</span> <span class='ocrx_word' id='word_1_150' title='bbox 887 1810 1087 1865; x_wconf 82' lang='lat' dir='ltr'>deinceps</span> <span class='ocrx_word' id='word_1_151' title='bbox 1103 1810 1156 1851; x_wconf 83' lang='lat' dir='ltr'>ad</span> <span class='ocrx_word' id='word_1_152' title='bbox 1177 1818 1362 1852; x_wconf 86' lang='lat' dir='ltr'>oratores</span> <span class='ocrx_word' id='word_1_153' title='bbox 1381 1818 1582 1862; x_wconf 82' lang='lat' dir='ltr'>transeat,</span> <span class='ocrx_word' id='word_1_154' title='bbox 1598 1826 1764 1852; x_wconf 87' lang='lat' dir='ltr'>eorum-</span> 
     </span>
     <span class='ocr_line' id='line_1_22' title="bbox 440 1887 1763 1947; baseline 0.001 -17"><span class='ocrx_word' id='word_1_155' title='bbox 440 1905 525 1947; x_wconf 85' lang='lat' dir='ltr'>que</span> <span class='ocrx_word' id='word_1_156' title='bbox 554 1890 741 1931; x_wconf 84' lang='lat' dir='ltr'>oratione</span> <span class='ocrx_word' id='word_1_157' title='bbox 768 1889 952 1929; x_wconf 82' lang='lat' dir='ltr'>nutritus</span> <span class='ocrx_word' id='word_1_158' title='bbox 977 1888 1030 1929; x_wconf 89' lang='lat' dir='ltr'>ad</span> <span class='ocrx_word' id='word_1_159' title='bbox 1047 1887 1308 1945; x_wconf 70' lang='lat' dir='ltr'>Thucydidis</span> <span class='ocrx_word' id='word_1_160' title='bbox 1333 1896 1373 1930; x_wconf 86' lang='lat' dir='ltr'>et</span> <span class='ocrx_word' id='word_1_161' title='bbox 1397 1890 1581 1930; x_wconf 82' lang='lat' dir='ltr'>Platonis</span> <span class='ocrx_word' id='word_1_162' title='bbox 1610 1891 1763 1945; x_wconf 82' lang='lat' dir='ltr'>scripta</span> 
     </span>
     <span class='ocr_line' id='line_1_23' title="bbox 440 1968 1763 2025; baseline -0.001 -15"><span class='ocrx_word' id='word_1_163' title='bbox 440 1968 628 2017; x_wconf 84' lang='lat' dir='ltr'>accedat,</span> <span class='ocrx_word' id='word_1_164' title='bbox 654 1968 925 2024; x_wconf 84' lang='lat' dir='ltr'>multumque</span> <span class='ocrx_word' id='word_1_165' title='bbox 953 1975 1170 2022; x_wconf 85' lang='lat' dir='ltr'>praeterea</span> <span class='ocrx_word' id='word_1_166' title='bbox 1191 1969 1232 2009; x_wconf 87' lang='lat' dir='ltr'>iu</span> <span class='ocrx_word' id='word_1_167' title='bbox 1253 1968 1431 2010; x_wconf 85' lang='lat' dir='ltr'>Cornicis</span> <span class='ocrx_word' id='word_1_168' title='bbox 1456 1976 1496 2008; x_wconf 86' lang='lat' dir='ltr'>et</span> <span class='ocrx_word' id='word_1_169' title='bbox 1514 1968 1702 2025; x_wconf 83' lang='lat' dir='ltr'>Tragicis</span> <span class='ocrx_word' id='word_1_170' title='bbox 1720 1984 1763 2009; x_wconf 88' lang='lat' dir='ltr'>se</span> 
     </span>
     <span class='ocr_line' id='line_1_24' title="bbox 441 2046 1763 2104; baseline 0 -15"><span class='ocrx_word' id='word_1_171' title='bbox 441 2054 646 2089; x_wconf 81' lang='lat' dir='ltr'>exerceat.</span> <span class='ocrx_word' id='word_1_172' title='bbox 673 2046 782 2087; x_wconf 85' lang='lat' dir='ltr'>Ante</span> <span class='ocrx_word' id='word_1_173' title='bbox 805 2047 944 2088; x_wconf 87' lang='lat' dir='ltr'>omnia</span> <span class='ocrx_word' id='word_1_174' title='bbox 967 2062 1088 2098; x_wconf 89' lang='lat' dir='ltr'>vero,</span> <span class='ocrx_word' id='word_1_175' title='bbox 1119 2047 1279 2104; x_wconf 87' lang='lat' dir='ltr'>inquit,</span> <span class='ocrx_word' id='word_1_176' title='bbox 1299 2046 1379 2088; x_wconf 88' lang='lat' dir='ltr'>hoc</span> <span class='ocrx_word' id='word_1_177' title='bbox 1404 2046 1508 2088; x_wconf 86' lang='lat' dir='ltr'>mihi</span> <span class='ocrx_word' id='word_1_178' title='bbox 1534 2055 1763 2098; x_wconf 82' lang='lat' dir='ltr'>memento,</span> 
     </span>
     <span class='ocr_line' id='line_1_25' title="bbox 442 2123 1760 2181; baseline -0.002 -13"><span class='ocrx_word' id='word_1_179' title='bbox 442 2142 493 2168; x_wconf 88' lang='lat' dir='ltr'>ne</span> <span class='ocrx_word' id='word_1_180' title='bbox 529 2126 702 2167; x_wconf 75' lang='lat' dir='ltr'>imiteris</span> <span class='ocrx_word' id='word_1_181' title='bbox 745 2123 1052 2179; x_wconf 84' lang='lat' dir='ltr'>sophistarum,</span> <span class='ocrx_word' id='word_1_182' title='bbox 1082 2125 1154 2181; x_wconf 91' lang='lat' dir='ltr'>qui</span> <span class='ocrx_word' id='word_1_183' title='bbox 1192 2125 1336 2180; x_wconf 90' lang='lat' dir='ltr'>paullo</span> <span class='ocrx_word' id='word_1_184' title='bbox 1369 2132 1466 2166; x_wconf 86' lang='lat' dir='ltr'>ante</span> <span class='ocrx_word' id='word_1_185' title='bbox 1503 2140 1578 2167; x_wconf 87' lang='lat' dir='ltr'>nos</span> <span class='ocrx_word' id='word_1_186' title='bbox 1611 2126 1760 2175; x_wconf 85' lang='lat' dir='ltr'>sucre,</span> 
     </span>
     <span class='ocr_line' id='line_1_26' title="bbox 440 2201 1758 2261; baseline 0 -15"><span class='ocrx_word' id='word_1_187' title='bbox 440 2205 642 2261; x_wconf 85' lang='lat' dir='ltr'>pessima,</span> <span class='ocrx_word' id='word_1_188' title='bbox 677 2217 816 2259; x_wconf 89' lang='lat' dir='ltr'>neque</span> <span class='ocrx_word' id='word_1_189' title='bbox 845 2217 896 2243; x_wconf 86' lang='lat' dir='ltr'>ex</span> <span class='ocrx_word' id='word_1_190' title='bbox 928 2201 1012 2242; x_wconf 89' lang='lat' dir='ltr'>illis</span> <span class='ocrx_word' id='word_1_191' title='bbox 1036 2202 1209 2244; x_wconf 88' lang='lat' dir='ltr'>libando</span> <span class='ocrx_word' id='word_1_192' title='bbox 1234 2211 1274 2244; x_wconf 85' lang='lat' dir='ltr'>te</span> <span class='ocrx_word' id='word_1_193' title='bbox 1307 2204 1491 2255; x_wconf 87' lang='lat' dir='ltr'>nutrias,</span> <span class='ocrx_word' id='word_1_194' title='bbox 1518 2205 1583 2245; x_wconf 81' lang='lat' dir='ltr'>uti</span> <span class='ocrx_word' id='word_1_195' title='bbox 1616 2218 1758 2248; x_wconf 85' lang='lat' dir='ltr'>nunc:</span> 
     </span>
     <span class='ocr_line' id='line_1_27' title="bbox 441 2280 1760 2339; baseline -0.001 -15"><span class='ocrx_word' id='word_1_196' title='bbox 441 2299 585 2325; x_wconf 83' lang='lat' dir='ltr'>verum</span> <span class='ocrx_word' id='word_1_197' title='bbox 614 2289 778 2337; x_wconf 85' lang='lat' dir='ltr'>oportet</span> <span class='ocrx_word' id='word_1_198' title='bbox 799 2280 896 2323; x_wconf 82' lang='lat' dir='ltr'>talia</span> <span class='ocrx_word' id='word_1_199' title='bbox 916 2283 1185 2333; x_wconf 82' lang='lat' dir='ltr'>conculcare,</span> <span class='ocrx_word' id='word_1_200' title='bbox 1209 2283 1399 2339; x_wconf 82' lang='lat' dir='ltr'>exempla</span> <span class='ocrx_word' id='word_1_201' title='bbox 1429 2291 1569 2324; x_wconf 87' lang='lat' dir='ltr'>autem</span> <span class='ocrx_word' id='word_1_202' title='bbox 1588 2283 1760 2339; x_wconf 84' lang='lat' dir='ltr'>antiqua</span> 
     </span>
     <span class='ocr_line' id='line_1_28' title="bbox 438 2360 1761 2419; baseline 0 -16"><span class='ocrx_word' id='word_1_203' title='bbox 438 2362 667 2411; x_wconf 84' lang='lat' dir='ltr'>aemulari,</span> <span class='ocrx_word' id='word_1_204' title='bbox 699 2360 853 2415; x_wconf 78' lang='grc' dir='ltr'><em>ζηλοῦν</em></span> <span class='ocrx_word' id='word_1_205' title='bbox 880 2361 925 2403; x_wconf 78' lang='grc' dir='ltr'>δὲ</span> <span class='ocrx_word' id='word_1_206' title='bbox 958 2365 1010 2402; x_wconf 75' lang='grc' dir='ltr'>τὰ</span> <span class='ocrx_word' id='word_1_207' title='bbox 1049 2363 1208 2418; x_wconf 73' lang='grc' dir='ltr'><em>ἀρχαῖα</em></span> <span class='ocrx_word' id='word_1_208' title='bbox 1236 2364 1322 2405; x_wconf 73' lang='grc' dir='ltr'>τῶν</span> <span class='ocrx_word' id='word_1_209' title='bbox 1360 2363 1720 2419; x_wconf 76' lang='grc' dir='ltr'><em>παραδειγμάτων</em></span> <span class='ocrx_word' id='word_1_210' title='bbox 1733 2362 1761 2402; x_wconf 79' lang='lat'>³.</span> 
     </span>
    </p>
   </div>
   <div class='ocr_carea' id='block_1_3' title="bbox 435 2515 1762 2724">
    <p class='ocr_par' dir='ltr' id='par_1_3' title="bbox 435 2515 1762 2611">
     <span class='ocr_line' id='line_1_29' title="bbox 479 2515 1762 2558; baseline -0.003 -8"><span class='ocrx_word' id='word_1_211' title='bbox 479 2519 489 2540; x_wconf 83' lang='lat'>¹</span> <span class='ocrx_word' id='word_1_212' title='bbox 519 2519 644 2558; x_wconf 81' lang='lat' dir='ltr'>Lexiph.</span> <span class='ocrx_word' id='word_1_213' title='bbox 674 2530 700 2549; x_wconf 87' lang='lat' dir='ltr'>c.</span> <span class='ocrx_word' id='word_1_214' title='bbox 729 2517 789 2551; x_wconf 78' lang='lat'>20:</span> <span class='ocrx_word' id='word_1_215' title='bbox 831 2519 914 2548; x_wconf 86' lang='lat' dir='ltr'>conf.</span> <span class='ocrx_word' id='word_1_216' title='bbox 946 2520 1056 2558; x_wconf 79' lang='lat' dir='ltr'>Quom.</span> <span class='ocrx_word' id='word_1_217' title='bbox 1085 2518 1162 2548; x_wconf 77' lang='lat' dir='ltr'>Hist.</span> <span class='ocrx_word' id='word_1_218' title='bbox 1197 2520 1317 2548; x_wconf 80' lang='lat' dir='ltr'>Conscr.</span> <span class='ocrx_word' id='word_1_219' title='bbox 1348 2530 1374 2549; x_wconf 80' lang='lat' dir='ltr'>c.</span> <span class='ocrx_word' id='word_1_220' title='bbox 1404 2519 1492 2548; x_wconf 72' lang='grc'>44-</span> <span class='ocrx_word' id='word_1_221' title='bbox 1518 2515 1561 2553; x_wconf 81' lang='grc' dir='ltr'>ὡς</span> <span class='ocrx_word' id='word_1_222' title='bbox 1590 2515 1651 2555; x_wconf 72' lang='grc' dir='ltr'>μὲν</span> <span class='ocrx_word' id='word_1_223' title='bbox 1680 2517 1762 2552; x_wconf 60' lang='grc' dir='ltr'>’τοὺς</span> 
     </span>
     <span class='ocr_line' id='line_1_30' title="bbox 435 2572 1503 2611; baseline -0.003 -6"><span class='ocrx_word' id='word_1_224' title='bbox 435 2573 586 2609; x_wconf 67' lang='grc' dir='ltr'>,τολλοὺς</span> <span class='ocrx_word' id='word_1_225' title='bbox 611 2579 784 2611; x_wconf 66' lang='grc' dir='ltr'><strong><em>συνεῖναι,</em></strong></span> <span class='ocrx_word' id='word_1_226' title='bbox 806 2572 888 2608; x_wconf 77' lang='grc' dir='ltr'><strong>τοὺς</strong></span> <span class='ocrx_word' id='word_1_227' title='bbox 918 2572 958 2603; x_wconf 60' lang='grc' dir='ltr'>δὲ</span> <span class='ocrx_word' id='word_1_228' title='bbox 983 2573 1291 2611; x_wconf 55' lang='grc' dir='ltr'>πεπαιδευμένους</span> <span class='ocrx_word' id='word_1_229' title='bbox 1314 2573 1503 2605; x_wconf 64' lang='grc' dir='ltr'>ἔπαινὲσαι.</span> 
     </span>
    </p>

    <p class='ocr_par' dir='ltr' id='par_1_4' title="bbox 483 2629 752 2660">
     <span class='ocr_line' id='line_1_31' title="bbox 483 2629 752 2660; baseline 0.004 -2"><span class='ocrx_word' id='word_1_230' title='bbox 483 2632 494 2647; x_wconf 65' lang='lat'><em>2</em></span> <span class='ocrx_word' id='word_1_231' title='bbox 523 2632 625 2659; x_wconf 75' lang='lat' dir='ltr'>Somn.</span> <span class='ocrx_word' id='word_1_232' title='bbox 649 2642 673 2659; x_wconf 85' lang='lat' dir='ltr'>c.</span> <span class='ocrx_word' id='word_1_233' title='bbox 700 2629 752 2660; x_wconf 77' lang='lat'>10.</span> 
     </span>
    </p>

    <p class='ocr_par' dir='ltr' id='par_1_5' title="bbox 482 2683 854 2724">
     <span class='ocr_line' id='line_1_32' title="bbox 482 2683 854 2724; baseline -0.008 -9"><span class='ocrx_word' id='word_1_234' title='bbox 482 2686 495 2706; x_wconf 76' lang='lat'>3</span> <span class='ocrx_word' id='word_1_235' title='bbox 528 2685 648 2724; x_wconf 64' lang='lat' dir='ltr'>chiph.</span> <span class='ocrx_word' id='word_1_236' title='bbox 669 2697 694 2714; x_wconf 81' lang='lat' dir='ltr'>c.</span> <span class='ocrx_word' id='word_1_237' title='bbox 716 2684 757 2714; x_wconf 78' lang='lat'>22</span> <span class='ocrx_word' id='word_1_238' title='bbox 775 2709 781 2714; x_wconf 85' lang='lat'><em>.</em></span> <span class='ocrx_word' id='word_1_239' title='bbox 803 2683 854 2713; x_wconf 64' lang='lat'>223.</span> 
     </span>
    </p>
   </div>
  </div>
 </body>
</html>
