2013 3496
1065 255 1114 294 18

426 382 574 423 deatur
599 380 791 422 docendo
827 388 986 421 tantum
1021 389 1061 420 et
1082 381 1251 434 publice
1270 381 1544 423 declamando
1563 383 1744 437 potuisse

429 462 551 501 vitam
595 466 850 509 sustentare;
901 458 1084 515 ideoque
1136 460 1392 514 probabile,
1432 475 1525 501 eum
1572 462 1613 501 in
1661 461 1745 502 illis

428 539 526 578 loeis
553 537 778 591 diligenter
802 536 926 576 simul
947 536 1174 590 judiciales
1192 552 1356 578 caussas
1375 551 1564 589 curasse,
1592 539 1634 578 in
1654 540 1746 581 aliis

424 623 568 656 eontra
587 613 855 668 regionibus,
881 627 984 668 quas
1004 629 1087 655 non
1118 622 1198 655 tam
1225 615 1393 655 mutatis
1416 615 1588 666 studiis,
1618 631 1744 672 quam

425 695 583 742 famae,
618 701 664 732 nt
687 693 775 747 ipse
797 692 1030 747 signifieat,
1057 701 1097 733 et
1126 694 1320 735 fortunae
1353 694 1572 750 augendae
1599 708 1740 736 caussa

424 772 610 821 adiisset,
645 779 818 825 propter
845 771 1016 812 Latinae
1038 772 1209 827 linguae
1233 773 1275 812 in
1303 786 1345 811 re
1368 771 1594 824 judiciaria
1619 787 1740 814 usum

424 866 465 891 se
496 866 519 890 a
546 851 637 890 foro
678 850 899 891 removisse
933 854 976 899 ¹,
1025 858 1151 905 atque
1185 850 1394 905 sophistae
1423 850 1623 892 duntaxat
1651 865 1742 891 mu—

424 945 524 971 nere
554 931 774 971 luculento
813 944 908 969 cum
940 930 1083 969 fructu
1126 931 1396 984 perfunctum
1431 930 1571 971 fuisse.
1607 931 1742 983 Quam

424 1009 476 1049 ob
499 1023 609 1059 rem,
645 1023 776 1063 quum
808 1009 850 1049 in
876 1007 962 1049 Bis
986 1009 1142 1049 Aecus.
1177 1025 1223 1050 ex
1254 1025 1430 1064 persona
1463 1009 1715 1051 Rhetoricae
1734 1043 1743 1057 ‚

423 1088 584 1143 quippe
619 1096 858 1129 constanter
898 1088 1035 1143 ipsum
1069 1090 1311 1138 comitatae,
1349 1096 1479 1129 totum
1513 1089 1617 1129 vitae
1645 1103 1744 1130 suae

416 1167 619 1221 juvenilis
657 1165 837 1207 stadium
876 1166 1137 1218 delinearet,
1181 1175 1327 1222 sponte
1369 1168 1459 1208 fieri
1490 1167 1662 1218 debuit,
1698 1176 1744 1208 ut

423 1245 673 1300 sophisticae
695 1246 831 1297 laudi,
867 1260 993 1301 quam
1016 1260 1256 1287 caussarum
1284 1247 1525 1301 patronatui
1543 1245 1743 1299 majorem

422 1325 563 1365 locum
600 1325 818 1366 tribueret.
866 1326 914 1366 In
952 1324 1194 1365 Piscatore
1223 1333 1368 1366 contra
1400 1326 1746 1366 reviviscentibus

422 1403 606 1458 antiquis
643 1402 905 1458 philosophis
941 1403 1251 1458 quodammodo
1292 1411 1428 1458 partes
1470 1404 1587 1445 dedit
1627 1404 1743 1460 vulgi

421 1482 681 1522 Graecorum
726 1496 773 1522 eo
818 1489 1009 1535 tempore
1044 1480 1424 1536 philosophorum,
1473 1481 1593 1535 cujus
1640 1482 1744 1523 iram

422 1566 632 1599 moverat:
666 1558 756 1612 ipse
797 1566 936 1599 autem
964 1559 1007 1598 in
1036 1559 1213 1600 Graecia
1242 1575 1326 1601 non
1357 1559 1531 1601 eandem
1560 1574 1745 1601 caussam

421 1634 597 1684 habuit,
634 1649 734 1685 eur,
776 1634 1133 1690 quemadmodum
1168 1636 1211 1676 in
1250 1636 1426 1692 reliquis
1465 1637 1743 1692 regionibus,

421 1713 466 1754 in
506 1713 783 1754 declamando
829 1713 1110 1768 docendoque
1144 1715 1271 1755 unice
1312 1723 1577 1765 versaretur,
1619 1723 1747 1770 atque

422 1791 495 1831 illa
532 1791 689 1847 igitur,
733 1805 860 1846 quam
894 1792 1133 1832 forensibus
1180 1794 1334 1834 caussis
1363 1794 1537 1850 agendis
1569 1794 1747 1848 adeptus

423 1878 502 1921 est,
538 1870 716 1911 nominis
751 1870 975 1911 celebritas
1004 1871 1046 1911 in
1075 1870 1154 1911 hae
1185 1872 1447 1925 potissimum
1491 1874 1664 1930 regione
1693 1874 1746 1915 ab

422 1963 471 1989 eo
502 1955 622 2002 parta
657 1962 744 1988 esse
771 1947 902 1988 videri
928 1955 1084 2002 potest:
1120 1956 1209 1988 tum
1244 1965 1339 1990 vero
1371 1951 1593 1993 δικανικοῦ
1619 1965 1746 2005 quam

422 2030 619 2079 σοφιστοῦ
665 2040 817 2066 nomen
869 2025 1116 2066 invidiosius
1162 2027 1360 2068 audiebat
1396 2028 1409 2050 ‘³
1456 2028 1677 2084 magisque
1724 2042 1746 2067 a

422 2103 689 2158 philosophia
716 2104 902 2145 alienum
933 2104 1174 2154 videbatur,
1192 2119 1240 2145 ac
1279 2105 1405 2146 facile
1435 2106 1568 2162 igitur
1595 2120 1643 2147 eo
1671 2120 1745 2146 no-

471 2304 483 2327 l
511 2307 577 2336 Non
596 2307 676 2337 enim
697 2313 760 2346 est,
780 2307 856 2336 unde
874 2318 941 2336 eum
962 2308 1133 2345 praesertim
1149 2309 1211 2346 jam
1236 2319 1270 2338 eo
1286 2313 1416 2345 tempore
1437 2308 1478 2336 ita
1500 2307 1605 2336 Latine
1624 2307 1744 2336 doctum

425 2361 517 2391 fuisse
541 2363 764 2401 existimemus,
784 2369 818 2392 ut
847 2374 969 2392 caussas
989 2363 1045 2391 ista
1066 2363 1167 2401 lingua
1187 2375 1272 2393 orare
1295 2363 1450 2401 potuisset.
1479 2363 1521 2393 De
1537 2364 1602 2402 ejus
1621 2362 1748 2392 Latinae

426 2419 547 2458 linguae
565 2418 672 2456 peritia
690 2419 769 2448 cons.
792 2419 950 2457 WVieland,
970 2418 1024 2448 Th.
1044 2418 1069 2457 ls,
1092 2420 1190 2449 praef.
1205 2419 1277 2448 VH.
1300 2425 1329 2448 et
1341 2419 1395 2448 Th.
1418 2419 1462 2454 V,
1479 2419 1508 2448 S.
1530 2416 1612 2451 242ς
1632 2417 1746 2457 Jacob,

427 2474 570 2505 Charakt.
588 2475 638 2503 des
657 2474 728 2504 Luc.
749 2474 778 2504 S.
797 2473 850 2505 91.
874 2475 905 2505 C.
929 2475 975 2505 Fr.
997 2475 1169 2513 Hermann,
1183 2474 1314 2514 Allgem.
1334 2475 1454 2505 Schulz.
1470 2472 1670 2505 1832.Abth.
1692 2474 1723 2503 ΙΙ
1740 2497 1746 2507 .

427 2529 479 2559 N0.
491 2528 571 2569 102,
586 2530 617 2560 S.
635 2529 711 2560 817.

476 2604 491 2621 ²
517 2606 629 2636 Piscat.
651 2616 676 2635 e.
695 2604 727 2635 9.
754 2604 935 2635 δικανικόν
962 2606 1142 2636 τινα-καὶ
1169 2607 1380 2650 π’(ινιόὗργον.
1413 2607 1520 2636 Toxar.
1546 2618 1572 2637 c.
1597 2606 1650 2637 38.
1676 2606 1746 2650 ἐρι-

427 2658 645 2690 anabau-nal
683 2659 874 2691 δικανικόν.
905 2661 1006 2691 Somn.
1029 2674 1054 2691 c.
1076 2661 1127 2691 17.
1150 2662 1284 2704 μακρὸν
1306 2661 1346 2692 τὸ
1368 2661 1528 2692 ἔτ’-ι’·ΐττίον
1559 2661 1619 2691 καὶ
1641 2660 1747 2692 δικαν-

431 2715 531 2746 muer.
554 2718 705 2746 Promoth.
734 2730 757 2748 s.
794 2718 918 2747 Caucasi.
947 2731 971 2747 e.
1004 2720 1033 2747 4.
1056 2717 1232 2755 στωμύλος
1258 2718 1322 2761 γὰρ
1352 2711 1383 2747 51³
1403 2717 1462 2747 καὶ
1482 2715 1670 2752 δικανικός.
