2013 3496
1078 197 1130 235 74

435 330 526 376 post
557 323 799 364 Parthicum
829 323 988 363 bellum
1015 336 1149 378 usque
1174 324 1217 364 iu
1234 325 1495 366 occidentem
1518 335 1748 383 propagata

435 408 522 452 est,
547 400 638 454 jam
670 414 719 441 eo
751 408 941 456 tempore
973 401 1138 459 Syriam
1176 402 1374 444 invadere
1404 404 1590 458 coepisse
1617 406 1748 459 (conf.

433 478 662 518 Hermanni
693 478 789 520 adn.
829 479 881 520 ad
909 481 1060 533 Quom.
1088 482 1192 523 Hist.
1224 482 1395 525 Conscr.
1430 482 1460 524 l.
1491 481 1520 524 l.
1552 497 1595 537 p,
1632 482 1748 538 109).

433 555 610 596 caussae
640 556 800 612 igitur,
826 564 952 612 puto,
985 559 1030 599 in
1054 566 1254 614 promptu
1283 567 1405 612 sunt,
1438 568 1611 616 propter
1647 574 1750 616 quas

434 646 482 672 eo
524 633 786 687 potissimum
826 641 1016 690 tempore
1063 644 1224 691 patrem
1269 652 1366 680 eum
1405 638 1670 680 arcessivisse
1710 646 1751 679 et

433 723 578 749 secum
614 710 656 750 in
695 710 913 752 Graeciam
942 711 1106 754 duxisse
1139 729 1237 755 vero
1277 715 1413 756 simile
1444 715 1510 757 sit.
1557 715 1750 771 Denique

433 801 457 827 e
499 785 685 829 Somnio
725 788 1028 846 intelligimus,
1068 792 1303 834 Lucianum
1330 795 1509 848 patriam
1534 795 1750 844 revisisse,

435 872 660 921 postquam
699 880 747 906 ex
794 867 1043 919 occidente,
1081 883 1233 925 nempe
1279 886 1302 912 e
1344 871 1482 914 Gallia
1505 904 1515 923 ,
1544 871 1749 923 redierat,

432 945 460 985 i.
494 961 548 994 e„
562 945 640 986 sub
673 945 1041 1001 quadragesimum
1059 948 1205 989 aetatis
1224 963 1407 1001 annum;
1430 949 1622 992 Eruditio
1639 951 1751 993 enim

436 1038 472 1066 c.
495 1026 546 1065 15
563 1057 573 1074 ,
600 1038 676 1078 per
694 1031 949 1064 nocturnam
967 1025 1174 1067 visionem
1198 1027 1296 1069 inde
1325 1028 1378 1070 ab
1395 1029 1557 1070 oriente
1577 1029 1621 1069 in
1639 1029 1755 1070 occi-

433 1103 601 1144 dentem
656 1117 753 1143 eum
793 1103 1051 1157 deduxerat,
1098 1105 1249 1146 exinde
1290 1120 1328 1149 e.
1363 1108 1444 1157 16,
1478 1110 1750 1160 ἐπανήγαγεν

433 1177 563 1229 αὖθις
591 1180 644 1222 ad
672 1188 834 1236 patrem
863 1188 904 1223 et
936 1190 1239 1225 monstraverat
1271 1184 1408 1239 qualis
1446 1190 1748 1236 reverteretur3

434 1274 471 1302 c.
512 1263 586 1311 18,
628 1268 770 1302 autem
805 1260 1004 1302 admonet
1036 1262 1246 1304 Lucianus
1270 1262 1468 1316 juvenes,
1493 1271 1540 1304 ut
1569 1278 1622 1304 ne
1656 1266 1751 1319 quis

433 1353 579 1379 eorum
609 1339 662 1380 ob
692 1346 984 1394 paupertatem
1011 1341 1150 1382 animo
1167 1341 1360 1392 deficiat,
1386 1341 1458 1382 sed
1477 1355 1599 1381 suum
1614 1356 1752 1382 exem-

435 1418 551 1471 plum
578 1417 801 1472 respiciat,
835 1421 996 1461 ἐννοῶν
1026 1417 1113 1467 οἶος
1140 1422 1219 1486 μ’ὲυ
1248 1420 1564 1468 οὖν-παιδείας
1595 1423 1753 1463 ἐπεθύ-

430 1497 683 1551 μησα-οἷος
716 1497 759 1538 δε
797 1498 900 1551 πρὸς
934 1499 1043 1549 ὑμᾶς
1073 1497 1396 1550 ἐπανελήλυθα.

490 1574 575 1614 Nisi
602 1574 735 1630 igitur
764 1574 975 1616 Lucianus
1002 1575 1092 1629 ipsa
1122 1576 1300 1617 florente
1333 1583 1493 1627 aetate,
1524 1590 1601 1631 per
1625 1590 1752 1631 quani

432 1652 614 1706 plurima
634 1651 723 1705 ejus
739 1653 895 1708 scripta
922 1653 1150 1694 ostendunt
1177 1669 1273 1695 eum
1298 1655 1555 1710 plerumque
1577 1653 1755 1695 Athenis

430 1731 474 1770 in
501 1730 585 1771 otio
613 1731 852 1772 consedisse
886 1732 1016 1789 (conf.
1043 1739 1129 1773 not.
1151 1732 1203 1774 ad
1235 1733 1333 1775 diss.
1359 1740 1490 1775 nostr.
1523 1748 1566 1788 p.
1587 1735 1666 1782 53,
1694 1729 1754 1786 1),

432 1808 552 1861 plura
584 1808 734 1850 itinera
760 1809 909 1850 fecisse
935 1816 975 1850 et
996 1810 1144 1851 iterata
1163 1811 1255 1852 vice
1283 1811 1325 1851 in
1352 1811 1532 1865 patriam
1550 1812 1754 1866 migrasse

430 1886 717 1936 existimetur,
749 1902 881 1928 unum
910 1887 1111 1945 idemque
1145 1888 1390 1931 habendum
1436 1896 1498 1930 est
1531 1889 1638 1938 iter,
1669 1902 1756 1944 quo

431 1965 574 2018 paullo
591 1974 688 2006 ante
698 1966 766 2007 XL
780 1980 939 2007 annum
952 1968 1099 2009 aetatis
1114 1969 1291 2022 patriam
1303 1982 1419 2008 suam
1435 1967 1576 2008 invisit
1597 1967 1755 2023 (Somn.

430 2044 474 2085 ll.
499 2042 586 2099 ll.),
623 2052 662 2086 et
690 2046 863 2102 quidem
900 2046 978 2086 sul)
1013 2046 1170 2086 exitum
1202 2045 1390 2086 Parthici
1419 2045 1521 2086 belli
1539 2060 1575 2086 a.
1594 2043 1754 2086 CLXIV

433 2124 602 2179 (Quom.
628 2124 734 2166 Hist.
763 2125 933 2166 Conscr.
970 2121 1115 2179 ll.ll.)‚
1148 2123 1273 2164 rediit
1301 2130 1441 2164 autem
1461 2122 1613 2163 comite
1635 2128 1756 2176 patre

433 2201 673 2257 (Alexandr.
720 2201 765 2244 ll.
809 2200 902 2257 lh),
943 2209 984 2242 et
1031 2201 1075 2242 in
1111 2201 1333 2242 Graeciam
1382 2200 1513 2242 redux
1561 2200 1641 2240 fuit
1686 2198 1756 2255 (de

428 2279 557 2320 Morte
600 2281 773 2336 Peregr.
821 2280 865 2322 ll.
910 2280 976 2335 ll.)
1023 2280 1089 2321 Ol.
1135 2280 1405 2329 CCXXXVI‚
1441 2281 1487 2330 1,
1524 2293 1562 2319 a.
1599 2292 1640 2332 p.
1675 2275 1757 2318 Chr

427 2358 581 2401 CLXV.
616 2360 648 2400 E
679 2359 836 2416 quibus
868 2359 1033 2400 collatis
1057 2358 1161 2399 locis
1184 2358 1461 2413 probabiliter
1483 2355 1755 2398 constituitur

427 2450 561 2476 aimus
590 2437 765 2478 Luciani
795 2438 970 2486 natalis,
1001 2451 1038 2479 a.
1071 2452 1112 2491 p.
1141 2435 1238 2478 Chr.
1273 2436 1433 2478 CXXV.

487 2593 687 2650 :lflpag
712 2594 913 2635 Dissert.
938 2596 990 2636 43
1007 2627 1017 2646 ‚
1036 2597 1076 2637 2.
1097 2594 1203 2639 Vide
1222 2609 1312 2636 eam
1338 2594 1577 2648 opinionem
1605 2593 1753 2646 passim

426 2672 535 2722 apud
565 2674 607 2713 C.
637 2674 687 2715 G.
721 2674 947 2723 Jacobum,
978 2673 1019 2713 in
1043 2672 1233 2716 Cliaract.
1267 2672 1338 2713 fles
1366 2671 1568 2720 Lucians,
1607 2671 1645 2712 S.
1677 2672 1723 2711 31
1748 2686 1754 2709 z
