2013 3496
855 213 904 250 47

279 339 468 392 Denique
489 338 631 388 miror,
661 352 742 378 non
771 337 994 379 ofl'endisse
1020 338 1124 377 viros
1143 337 1213 380 dd.
1236 353 1364 395 quam
1393 341 1536 381 incon·

221 417 346 456 cinne
401 413 576 455 Archias
595 448 604 466 ‚
647 429 778 470 quum
821 414 1077 456 ostendenda
1118 416 1228 472 regis
1276 415 1538 458 humanitate

213 494 353 534 vivum
381 492 704 534 Demosthenem
728 509 748 534 e
778 493 935 547 templo
966 493 1178 535 deducere
1200 501 1392 546 conetur,
1414 502 1536 536 nota-

216 571 298 611 rios
341 578 479 611 tamen
524 570 665 611 adesse
704 578 844 621 curet,
895 571 968 627 qui
1016 570 1104 624 ejus
1145 571 1258 613 dicta
1311 572 1535 626 Antipatro

213 656 378 690 servent
401 661 412 682 1
438 665 447 700 3
473 649 588 703 quasi
618 649 741 689 simul
770 649 1022 700 divinasset,
1059 657 1147 690 tum
1176 651 1314 704 ipsum
1333 650 1385 691 ad
1404 651 1533 692 liber—

214 734 341 768 tatem
369 742 484 768 suam
525 727 724 768 tuendam
757 729 967 767 munitum
1001 742 1086 768 esse
1118 742 1310 779 veneno,
1345 728 1387 769 id
1419 731 1533 784 quod

211 812 306 859 post
335 803 424 857 ejus
454 812 631 846 mortem
671 804 840 845 demum
879 820 927 845 ex
960 805 1117 846 ancilla
1146 807 1344 860 cognovit
1366 810 1378 830 2
1398 839 1407 856 ‚
1444 814 1533 847 tum

210 881 428 922 novissima
461 881 548 935 ejus
574 882 721 931 vcrba,
754 895 893 922 coram
922 888 1002 921 tam
1029 882 1214 937 indignis
1240 883 1530 933 auditoribus,

208 958 266 999 ita
287 958 331 998 in
349 958 546 999 orationis
569 965 799 1012 perpetuae
823 957 994 998 modum
1014 966 1194 1000 tractum
1218 959 1290 1009 iri,
1311 967 1357 1000 ut
1377 962 1531 1015 scripto

208 1035 445 1077 mandanda
468 1036 628 1086 forent,
668 1035 781 1090 quod
801 1035 974 1090 quidem
997 1044 1110 1077 certe
1136 1044 1302 1090 praeter
1322 1039 1530 1078 recentio-

207 1126 297 1153 rem
323 1111 551 1167 sophistam
573 1128 694 1154 nemo
711 1114 934 1168 quisquam
949 1114 1087 1170 potuit
1103 1115 1365 1168 praevidere.
1387 1116 1534 1156 Istius-

209 1190 322 1231 modi
350 1191 600 1247 figmentum
629 1206 713 1232 non
738 1205 957 1245 possumus
980 1206 1056 1246 pro
1085 1192 1296 1234 Lucianeo
1322 1192 1492 1235 habere.

266 1344 526 1401 Niqrinum
551 1353 725 1400 propter
750 1346 948 1400 temporis
972 1354 1013 1387 et
1032 1348 1270 1402 argumenti
1292 1347 1531 1388 similitudi-

207 1425 366 1466 nemin
384 1425 687 1479 posterioribus
713 1425 889 1465 Luciani
918 1425 1083 1479 scriptis
1113 1439 1396 1467 numeramus,
1426 1426 1528 1466 Cum

202 1502 430 1543 Wielando
450 1510 465 1532 ³
483 1509 681 1556 putamus
699 1535 708 1553 ,
740 1502 974 1543 Lucianum
1002 1516 1098 1543 eum
1128 1502 1340 1556 scripsisse
1359 1535 1369 1554 ‚
1397 1516 1528 1559 quum

199 1577 289 1631 jam
338 1578 649 1629 constituisset,
697 1579 820 1619 misso
865 1578 1077 1619 rhetorico
1124 1579 1259 1620 officio
1278 1611 1288 1629 ,
1344 1579 1528 1620 Athenas

203 1657 437 1698 concedere
471 1656 506 1699 '¹.
541 1657 757 1698 Sententia
796 1664 881 1698 tota
915 1658 1082 1698 satirica
1123 1664 1205 1708 est3
1251 1658 1384 1699 forma
1433 1672 1528 1698 vero

205 1735 392 1776 nondum
437 1735 606 1790 propria
651 1736 724 1777 illa
767 1735 950 1786 comica,
989 1735 1060 1776 sed
1090 1735 1133 1776 in
1164 1735 1333 1777 exordio
1371 1742 1411 1776 et
1445 1736 1529 1777 fine

202 1815 450 1857 adornatam
475 1815 602 1857 habet
630 1815 838 1856 Platonici
871 1815 1030 1871 dialogi
1056 1814 1350 1858 imitationem.
1378 1816 1528 1856 Trans-

249 1996 258 2017 ¹
282 2008 312 2027 c.
342 1997 404 2033 44,
442 1994 502 2025 καὶ
540 1994 608 2038 γὰρ
647 1984 708 2025 οὖν
744 1993 973 2037 ὑπογραφέας
999 1994 1294 2039 παρεστησάμην,
1321 1993 1378 2026 ἵνα
1405 2004 1455 2026 σοι
1482 1997 1528 2027 τὰ

202 2054 383 2096 λεχθέντα
403 2051 560 2093 σώζοιτο.

252 2123 266 2136 -'
296 2129 322 2147 c.
339 2116 391 2147 49.
418 2115 544 2145 Archias
563 2121 673 2151 autem,
697 2116 785 2145 etiam
804 2123 959 2155 postquam
982 2118 1024 2156 (c.
1043 2117 1097 2159 117)
1116 2118 1252 2156 precibus
1271 2124 1300 2147 et
1316 2118 1405 2146 minis
1415 2118 1524 2147 frustra

205 2187 279 2205 usus
300 2180 344 2204 est
363 2175 402 2214 (c.
422 2172 496 2213 48),
516 2172 545 2201 vi
564 2183 631 2201 eum
652 2173 767 2201 vivum
789 2173 945 2203 detrahere
965 2186 980 2204 e
1000 2174 1110 2212 templo
1129 2174 1239 2214 cogitat
1257 2173 1350 2214 (quod
1364 2173 1518 2203 Demosth.

201 2232 292 2261 verba
308 2228 481 2269 testantur).
508 2228 607 2267 Neque
637 2235 735 2258 tamen
758 2229 921 2258 existimari
939 2235 1053 2268 potest,
1075 2229 1139 2258 ideo
1166 2230 1278 2259 scribas
1299 2229 1470 2266 adposuisse
1495 2235 1526 2258 ut

200 2299 260 2318 una
279 2298 343 2316 cum
373 2285 442 2314 vivo
468 2284 665 2314 Demosthene
696 2287 915 2315 contumeliosa
936 2287 1002 2325 ejus
1023 2286 1052 2315 in
1074 2285 1249 2315 Macedones
1269 2285 1358 2315 verba
1380 2285 1416 2314 ad
1434 2284 1527 2313 Anti—

200 2349 317 2382 patrum
338 2342 484 2379 descrret,
512 2341 620 2379 quippe
646 2351 680 2370 eo
700 2342 828 2371 consilio
850 2343 1001 2380 prodendo
1020 2342 1113 2380 ipsam
1134 2341 1238 2370 salutis
1256 2351 1336 2379 spem
1350 2363 1358 2378 ,
1378 2351 1436 2379 qua
1460 2341 1526 2379 pel-

202 2400 293 2429 licere
312 2409 377 2428 eum
398 2409 422 2427 c.
443 2398 501 2435 453,
519 2398 580 2434 411,
599 2397 659 2437 47,
677 2398 832 2437 studebat,
853 2399 1029 2428 sublaturus
1049 2399 1158 2428 suerat.

247 2463 262 2485 3
291 2462 459 2499 VVieland,
484 2461 536 2490 Th.
568 2461 600 2500 I,
630 2461 659 2492 S.
684 2460 742 2500 IS,
767 2463 815 2492 cui
838 2463 999 2492 assentitur
1025 2462 1161 2500 Sclmell,
1181 2461 1290 2492 Gesch.
1311 2461 1362 2489 der
1379 2460 1430 2488 Gr.
1451 2459 1521 2489 Litt.

202 2519 256 2549 Bd.
279 2518 310 2547 II
326 2542 334 2558 ‚
363 2517 392 2546 S.
416 2516 494 2547 476.
527 2516 723 2547 Authentiam
744 2518 814 2547 libri
827 2517 1144 2556 addulntatltankius,
1158 2517 1268 2546 Pollux
1285 2521 1314 2546 et
1335 2515 1406 2545 Luc.
1419 2525 1447 2553 p.
1465 2513 1521 2544 23.

247 2588 265 2610 4
290 2580 409 2620 Dialogi
431 2591 518 2610 scena
536 2591 626 2619 prope
646 2581 770 2611 Romam
790 2587 833 2611 est,
846 2605 853 2619 ‚
873 2581 1008 2610 Athenas
1030 2587 1127 2610 autem
1146 2581 1291 2620 cogitasse
1312 2578 1523 2618 Luc.colligas

202 2647 237 2664 ex
257 2633 316 2667 (·.3
335 2642 363 2665 et
385 2635 425 2666 12
455 2647 519 2675 sqq.
549 2636 694 2673 Scriptum
725 2648 788 2665 esso
811 2637 958 2675 dialogum
982 2648 1070 2675 quum
1095 2638 1155 2675 jam
1177 2636 1369 2675 demigrasset
1389 2634 1462 2665 Luc.
1485 2646 1521 2664 ex

201 2694 331 2731 praefixa
351 2694 480 2733 epistota
501 2701 633 2732 apparet.
