2013 3496
1081 192 1135 230 34

452 321 603 361 mirum
637 329 842 375 quantum
883 318 1111 359 abhorrere
1145 332 1167 357 a
1205 318 1402 372 propriae
1434 319 1508 360 illo
1543 322 1771 376 sapientiae

451 399 593 439 fructu
608 431 617 449 ,
635 411 761 452 quein
783 396 969 437 florentis
987 396 1160 436 Luciani
1183 394 1330 435 aetatis
1353 396 1509 449 scripta
1527 400 1766 441 ostendunt.

508 555 723 595 Sententia
755 561 794 594 et
825 554 960 595 forma
994 554 1039 594 in
1069 554 1160 594 aliis
1194 553 1483 608 peculiaribus
1522 569 1768 597 accommo-

446 632 541 674 data
568 639 628 673 est
668 631 887 673 rhetoricis
919 632 1320 685 opportunitatibus.
1355 632 1409 673 Ut
1442 632 1485 673 in
1517 633 1694 689 Hippia
1727 643 1767 675 et

444 711 554 752 libro
577 708 643 751 De
661 709 801 750 Domo
829 710 1058 763 inscripto,
1097 709 1141 750 in
1169 710 1346 765 quibuS‚
1377 711 1500 766 pacta
1528 719 1630 767 puto
1660 727 1767 753 mer-

445 789 574 838 cede,
622 803 768 829 recens
814 794 1025 829 exstructa
1078 787 1281 829 balneum
1322 796 1363 829 et
1404 804 1554 830 occum
1599 791 1762 845 prolixa

446 866 732 920 descriptione
766 865 1075 906 commendavit
1110 866 1137 907 ¹.

505 946 594 997 Hoc
617 945 717 986 item
742 945 784 985 in
814 945 960 999 primis
996 944 1106 985 valet
1138 944 1190 985 de
1216 945 1427 987 Pantheae
1454 946 1698 988 laudatione
1723 948 1766 987 in

445 1025 611 1066 duobus
643 1023 891 1078 colloquiis,
923 1037 1032 1078 quae
1056 1030 1151 1063 sunt
1179 1022 1414 1080 Imagines
1448 1033 1488 1065 et
1522 1023 1616 1065 Pro
1645 1025 1766 1066 Imu-

440 1101 643 1159 ginihus.
699 1102 966 1155 Quamquam
1015 1098 1241 1154 sophistica
1287 1100 1391 1142 haec
1442 1101 1587 1143 indole
1631 1103 1767 1144 multo

444 1180 575 1236 magis
602 1194 729 1235 quam
753 1185 913 1229 aetate,
948 1192 1032 1233 qua
1063 1178 1220 1232 scripta
1247 1178 1351 1229 sint,
1378 1179 1489 1220 inter
1512 1180 1654 1234 priora
1681 1181 1763 1221 Lu-

442 1259 553 1299 ciani
578 1258 733 1312 scripta
761 1256 982 1298 referenda
1009 1264 1221 1311 putamus.
1256 1257 1412 1298 Tantus
1443 1257 1488 1298 in
1517 1259 1566 1298 iis
1592 1266 1765 1301 ornatus

444 1344 530 1387 est,
557 1344 604 1378 ut
630 1337 663 1378 si
682 1337 805 1387 ficta,
832 1344 879 1376 ut
907 1335 1081 1391 quidam
1108 1336 1351 1390 opinantur,
1377 1336 1549 1378 illorum
1568 1337 1765 1379 materies

444 1422 550 1456 esset
578 1416 608 1465 ²,
637 1414 736 1468 jure
766 1414 937 1455 omnino
976 1428 1051 1468 pro
1091 1412 1274 1466 junioris
1313 1414 1529 1468 scriptoris
1566 1414 1764 1469 operibus

442 1492 637 1535 habenda
670 1493 931 1534 viderentur.
964 1492 1109 1546 Nunc,
1146 1492 1345 1546 quoniam
1371 1507 1419 1533 ex
1450 1492 1550 1547 ipsis
1581 1493 1703 1534 libris
1731 1498 1762 1544 ³,

441 1571 604 1612 collatis
645 1585 742 1612 cum
785 1570 947 1611 scholio
990 1569 1043 1610 ad
1085 1570 1258 1610 titulum
1304 1571 1476 1612 alterius
1516 1579 1558 1612 et
1587 1571 1681 1614 loco
1719 1572 1763 1613 in

438 1648 491 1689 M.
529 1647 694 1689 Aurelii
727 1647 848 1688 libris
883 1648 912 1697 ¹¹,
949 1646 1074 1687 nimis
1118 1646 1339 1688 manifesto
1376 1655 1577 1702 apparet,
1624 1663 1761 1691 veram

489 1816 502 1835 ¹
532 1819 620 1848 Cons.
637 1818 780 1858 Hippias,
803 1829 830 1850 e.
843 1817 883 1858 8,
903 1826 932 1850 et
949 1821 1115 1861 Wieland‚
1136 1821 1247 1852 Th.1v
1260 1846 1268 1862 ‚
1291 1822 1320 1853 S.
1340 1822 1416 1854 459.
1442 1821 1514 1852 Occi
1524 1823 1660 1853 laudatio
1670 1823 1759 1852 simul

437 1874 585 1905 rhetorica
595 1881 640 1904 est
650 1877 815 1915 praefatio,
840 1876 902 1905 vid.
922 1877 958 1906 de
976 1877 1090 1916 Domo,
1110 1889 1135 1910 c.
1158 1876 1218 1912 32,
1241 1878 1272 1907 in
1292 1889 1350 1918 qua
1379 1878 1504 1917 pavonis
1523 1878 1637 1912 instar,
1661 1878 1711 1908 eui
1730 1889 1760 1907 se

437 1930 501 1969 ipse
525 1936 700 1969 comparat,
739 1931 806 1972 τὴν
831 1929 940 1974 οὐρὰν
967 1932 1101 1976 ἐπάρας
1126 1932 1187 1962 καὶ
1217 1933 1403 1964 πάντοθεν
1429 1933 1529 1975 αὑτῷ
1548 1934 1762 1977 περιστήσας

437 1985 761 2018 ἐπιδείκνυται,
790 1987 842 2018 τὰ
879 1985 999 2029 ἄνθη
1028 1989 1082 2018 τὰ
1117 1988 1273 2019 αὑτοῦ.

486 2053 501 2070 2
527 2050 610 2090 Quae
633 2051 786 2081 VVetzlari
804 2052 953 2081 sententia
970 2058 1034 2091 est,
1054 2052 1085 2082 in
1107 2053 1220 2082 Comm.
1242 2052 1278 2082 de
1297 2052 1408 2091 Script.
1429 2052 1502 2083 Luc.
1521 2059 1579 2083 etc.
1601 2064 1630 2091 p.
1652 2051 1715 2092 38,
1731 2059 1760 2082 et

435 2105 562 2135 alterius
571 2105 672 2137 schol.
694 2107 731 2136 ad
742 2107 826 2137 titul.
841 2107 895 2137 lib.
920 2107 980 2137 Pro
993 2107 1122 2148 Imagin.
1135 2108 1223 2138 conf.
1235 2108 1325 2138 etiam
1334 2108 1437 2139 Herm.
1452 2108 1483 2138 in
1492 2108 1625 2148 Allgem.
1637 2107 1759 2138 Schulz.

440 2160 542 2201 1832,
567 2173 597 2201 p.
616 2161 690 2194 808.

487 2225 502 2245 ὖ
530 2227 553 2256 Ε
574 2227 662 2257 modo
687 2237 746 2266 quo
771 2227 904 2266 passim,
935 2239 964 2257 ν.
982 2240 1010 2259 c.
1030 2227 1123 2267 Imag.
1149 2238 1175 2258 c.
1207 2227 1260 2267 10,
1291 2227 1332 2259 15
1351 2227 1435 2270 (coll.
1455 2228 1514 2258 Pro
1530 2227 1623 2267 Imag.
1644 2238 1670 2257 c.
1692 2225 1758 2267 24.)

439 2281 479 2312 17
493 2305 501 2321 ,
521 2280 581 2322 20,
610 2281 649 2312 21
680 2294 808 2323 nomen,
835 2283 931 2322 patria
954 2289 983 2313 et
1001 2295 1046 2313 res
1066 2283 1219 2313 Pantheae
1241 2283 1369 2313 strictim
1389 2283 1602 2323 designantur,
1625 2282 1760 2312 dubitari

438 2348 500 2366 non
522 2344 642 2377 potest,
667 2339 741 2378 quin
769 2350 874 2369 revera
902 2350 937 2368 ea
965 2339 1058 2368 fuerit
1079 2350 1155 2378 quae
1181 2340 1339 2373 laudetur;
1362 2339 1482 2369 inutilis
1502 2339 1592 2378 plane
1609 2338 1759 2368 affectatio

436 2393 513 2422 foret
534 2394 563 2422 in
573 2393 724 2431 fictione
742 2405 844 2424 earum
856 2405 954 2424 rerum
968 2418 976 2432 ,
996 2395 1027 2424 in
1045 2406 1173 2434 quarum
1196 2395 1442 2436 designatione
1460 2401 1564 2424 contra
1575 2394 1692 2434 egregia
1712 2404 1759 2422 ars

438 2448 599 2487 conspicua
620 2455 676 2480 est.
702 2449 776 2479 Tum
796 2450 953 2489 apologiae
974 2461 1082 2480 caussa
1101 2457 1130 2480 et
1150 2451 1245 2483 ratio.
1269 2452 1294 2481 si
1313 2451 1421 2490 prioris
1441 2451 1511 2480 libri
1531 2450 1600 2480 ficta
1620 2450 1761 2480 materies

437 2505 528 2535 fuerit
546 2517 606 2535 non
625 2506 826 2547 intelligitur:
848 2507 998 2546 quomodo
1018 2508 1097 2537 enim
1116 2507 1269 2537 incusatio
1297 2507 1481 2538 adulationis
1493 2506 1570 2548 (vid.
1587 2506 1644 2536 Pro
1662 2506 1760 2544 Imag-

438 2571 464 2589 ς..
489 2560 504 2590 l
523 2567 553 2590 et
569 2573 594 2591 c.
616 2560 684 2604 14.)
703 2563 741 2591 ab
759 2563 950 2593 auditoribus
970 2564 1085 2593 moveri
1104 2562 1274 2602 potuisset?

487 2623 504 2643 4
531 2623 671 2654 salmasii
701 2627 871 2657 emendatio
916 2627 977 2657 loci
1013 2626 1053 2657 M.
1091 2626 1244 2657 Antonini
1277 2627 1390 2657 Comm.
1423 2627 1445 2656 1.
1479 2624 1579 2665 VIII,
1604 2631 1675 2656 sect.
1707 2624 1761 2657 37.

435 2676 536 2719 Μήτι
567 2679 630 2709 νῦν
663 2682 921 2724 παρακάθηται
953 2686 993 2723 Γῇ
1036 2683 1094 2713 τοῖ’
1132 2684 1249 2726 κυρίου
1286 2682 1372 2725 οορῷ
1408 2681 1606 2718 ῙῙάνθεια,·
1634 2683 1761 2721 legentis
