2013 3496
865 213 914 251 45

239 353 433 392 spernere
459 354 499 377 se
531 339 741 379 siuiularet
772 351 798 381 ¹.
834 342 998 380 Justum
1030 345 1168 380 autem
1199 340 1368 380 modum
1399 341 1439 382 iu
1471 342 1546 382 hm:

232 414 394 470 agendo
421 416 474 455 ita
506 418 706 466 excessit,
742 425 785 455 ut
826 416 918 469 plus
949 417 1123 457 dimidio
1144 418 1268 458 totius
1294 419 1429 472 operis
1446 417 1544 458 huic

233 491 466 545 prolusioui
506 493 756 533 iusumserit.
802 494 932 542 Tum,
966 492 1250 550 Thersagorae
1290 509 1424 545 error,
1459 508 1544 549 quo

231 568 298 608 hic
329 576 493 623 praeter
511 570 747 621 Platonem,
782 569 1048 611 Aristotelem
1065 571 1189 611 etiam
1207 605 1216 621 ,
1240 573 1539 622 Xenocratem,

229 646 561 702 Theophrastum
593 648 878 689 Demosthenis
905 657 1198 704 praeceptores
1224 658 1414 691 numerat
1439 650 1469 700 ²,
1498 659 1540 690 ut

228 725 402 766 crassior
441 741 527 767 esse
572 725 760 776 videtur,
805 740 929 783 quam
972 734 1015 767 ut
1055 741 1077 766 a
1124 728 1307 769 Luciano
1338 729 1540 769 committi

228 804 438 856 potuerit,
476 804 530 843 ita
568 804 692 858 plane
727 819 809 844 non
843 812 979 858 potest
1015 820 1096 846 non
1137 805 1190 845 ab
1238 805 1324 860 ipso
1369 813 1541 846 auctore

225 881 320 921 libri
352 882 593 922 commissus
622 882 798 923 censeri.
833 882 880 921 In
913 882 1042 921 altera
1067 882 1178 922 enim
1202 883 1300 922 libri
1328 884 1390 923 sui
1423 891 1538 937 parte

223 966 262 997 et
291 957 588 998 Aristotelem
622 958 694 997 ille
731 957 896 997 induxit
932 956 1253 998 Demosthenem
1283 958 1536 1012 discipulum

222 1035 490 1085 laudantem,
532 1043 572 1076 et
597 1035 732 1089 ipsum
765 1035 1084 1076 Demosthenem
1123 1036 1167 1076 in
1200 1036 1420 1076 novissima
1450 1051 1520 1076 ora

222 1113 332 1153 tione
360 1111 627 1153 Xenocratis
642 1120 681 1152 et
700 1112 882 1152 Platonis
898 1112 949 1152 de
970 1112 1282 1152 immortalitate
1298 1127 1535 1153 sermonum

221 1190 506 1231 recordantem
535 1190 562 1231 ².

278 1270 325 1309 In
356 1267 434 1308 hac
464 1269 594 1309 altera
627 1268 798 1322 quidem
834 1276 981 1322 parte,
1029 1282 1137 1323 quae
1175 1283 1222 1309 ex
1256 1268 1534 1310 Macedonicis

217 1346 465 1399 deprompta
495 1345 804 1385 commentariis
845 1345 1046 1400 fingitur,
1095 1359 1308 1401 quamque
1353 1347 1530 1387 encomii

214 1424 452 1466 defensores
499 1437 576 1478 pro
621 1423 805 1464 Luciano
856 1422 1102 1480 dignissima
1150 1422 1330 1474 habent,
1375 1424 1528 1465 Demo—

215 1501 370 1543 sthenis
398 1502 585 1543 excelsus
610 1502 653 1543 in
683 1500 878 1558 gerendis
915 1501 1099 1555 politicis
1130 1502 1256 1543 rebus
1293 1502 1457 1543 animus
1490 1511 1529 1543 et

215 1580 391 1621 infracta
422 1580 656 1621 constantia
684 1580 729 1621 in
750 1580 945 1621 obeunda
972 1587 1106 1621 morte
1132 1579 1351 1634 praeclare
1375 1580 1528 1621 descri-

213 1660 388 1701 buntur.
421 1660 581 1703 Verum
616 1659 791 1699 Luciani
826 1657 895 1698 hic
931 1672 1103 1713 quoque
1135 1657 1374 1699 desiderare
1407 1658 1526 1699 nobis

213 1738 400 1780 videmus
434 1738 703 1793 sapientiam,
737 1737 812 1778 ubi
843 1736 1022 1777 maxime
1048 1751 1095 1777 ea
1120 1750 1226 1791 opus
1252 1737 1356 1789 suit3
1391 1751 1523 1793 quum

212 1817 254 1857 in
281 1817 380 1871 ipsis
407 1815 681 1870 caeteroquin
717 1814 898 1871 egregiis
936 1812 1226 1855 Demosthenis
1252 1814 1303 1855 ad
1327 1812 1523 1855 Archiam

210 1895 352 1945 dictis,
387 1894 519 1935 oratio
552 1893 695 1948 paullo
728 1900 820 1947 post
840 1892 1061 1933 exordium
1089 1891 1282 1949 adsurgit
1316 1892 1357 1933 in
1380 1892 1521 1934 deela-

255 2063 264 2084 ¹
293 2064 336 2093 Ex
355 2063 410 2093 hac
430 2065 593 2103 sophistica
611 2066 781 2105 scriptionis
802 2066 917 2096 ratione
935 2066 1101 2103 explicetur
1118 2088 1125 2103 7
1145 2066 1223 2104 quod
1244 2066 1314 2102 alii,
1327 2073 1359 2095 ut
1373 2066 1524 2097 Gesneru<

207 2127 235 2149 et
256 2120 457 2159 VVielandus,
489 2122 621 2151 omnz'no
650 2123 846 2155 satiricum,
877 2122 951 2161 alii,
983 2128 1011 2149 ut
1042 2120 1216 2160 scheelius,
1247 2123 1268 2151 Ι.
1287 2122 1434 2161 Lplane
1459 2133 1523 2152 mm

207 2175 390 2204 satiricum
412 2186 476 2204 eam
502 2186 565 2205 esse
583 2176 833 2207 existimaverint.

250 2238 262 2255 ²
290 2250 316 2271 e.
340 2236 390 2268 12.

250 2304 262 2321 .;
291 2313 317 2331 e.
335 2300 374 2331 41
396 2308 425 2330 et
444 2314 471 2332 c.
494 2302 544 2335 47.
575 2303 822 2342 Aristotelem,
849 2304 1057 2334 Demosthenis
1078 2308 1293 2341 praeceptorem
1314 2303 1451 2333 inducere
1470 2312 1519 2340 per

202 2366 236 2396 se·
253 2366 311 2385 non
336 2357 482 2396 ejusmodi
502 2363 545 2386 est
560 2381 568 2397 ,
586 2359 658 2397 quin
679 2360 776 2389 sciens
798 2359 949 2391 Lucianus
975 2359 1090 2389 fictioni
1114 2370 1184 2389 suae
1206 2358 1234 2388 id
1253 2358 1435 2388 concessisse
1456 2360 1518 2387 exi—

201 2410 315 2441 ‹timari
334 2413 427 2450 possit
452 2414 501 2453 (ut
528 2413 671 2444 hactenus
697 2422 775 2445 recte.
806 2416 902 2446 Wiet.
928 2415 983 2445 Th.
1013 2415 1077 2454 VI,
1107 2415 1137 2444 S.
1159 2413 1253 2453 167);
1272 2420 1300 2444 et
1327 2414 1481 2443 memorati
1502 2426 1515 2441 n

205 2467 399 2498 Demosthene
417 2467 655 2511 Ξενοκράτους
682 2471 741 2502 καὶ
760 2470 950 2507 Πλάτωνος
970 2468 1060 2514 ὑπὲρ
1083 2469 1288 2505 ἀθανασίας·
1312 2467 1438 2509 λόγοι
1467 2480 1514 2508 lwr

202 2532 231 2549 s(-
252 2522 381 2563 intelligi
403 2531 522 2562 possent
545 2526 677 2564 scripta
706 2527 742 2555 in
770 2527 895 2566 vulqus
915 2526 1011 2556 edita
1031 2526 1227 2566 (quamquam
1246 2525 1288 2554 sic
1305 2525 1421 2564 quidem
1445 2526 1514 2555 lan-

201 2582 303 2615 gueret
325 2580 472 2609 sententia
502 2580 530 2608 in
559 2579 766 2611 Demosthenis
784 2582 915 2623 verbis);
941 2582 991 2610 sed
1019 2592 1073 2611 nec
1102 2581 1252 2611 Lucianus
1277 2591 1331 2611 nec
1356 2582 1511 2621 quisquam

200 2632 278 2661 alius
294 2631 322 2661 id
348 2634 559 2664 commissurus
588 2634 661 2673 suit,
685 2641 717 2664 ut
741 2636 771 2665 in
793 2637 895 2667 eodem
926 2636 1055 2675 scriptu,
1078 2636 1202 2674 primurn
1231 2636 1271 2675 (c.
1295 2634 1361 2676 12.)
1380 2637 1509 2675 aliquem

200 2698 326 2716 errorem
345 2711 351 2724 ‚
367 2698 429 2727 per
448 2690 646 2720 irrisionem
665 2691 760 2720 alins
774 2714 779 2725 ,
795 2692 933 2721 inductae
946 2702 1089 2730 personae
1101 2692 1242 2722 tribueret
1256 2706 1262 2729 ;
1275 2691 1380 2722 deinde
1392 2693 1430 2734 (e.
1443 2694 1509 2733 ¹11.)
