2013 3496
883 268 904 305 7

241 398 575 440 cursuinstituto
589 410 722 452 usque
741 394 783 435 in
799 394 1065 435 occidentem
1093 390 1275 434 devehit.
1308 393 1403 447 lpse
1419 400 1560 434 autem

240 479 281 518 in
312 477 386 517 illo
418 476 569 516 itinere
598 474 764 515 seminis
807 471 969 529 aliquid
999 472 1041 512 in
1086 478 1240 512 terram
1269 468 1454 523 dejicere
1485 470 1562 511 sibi

243 555 410 596 videtur
435 565 445 586 ¹
467 587 476 603 ,
517 567 651 610 eoque
678 551 866 592 omnium
892 550 970 591 sihi
998 549 1142 590 laudes
1171 557 1212 590 et
1240 549 1564 591 acclamationes

244 633 498 682 conciliare,
544 638 671 688 atque
708 628 858 670 exinde
907 628 1037 669 redux
1078 627 1369 669 honestissimo
1408 627 1567 668 amictu

246 709 418 751 indutus
441 709 550 763 patri
576 722 649 748 suo
683 707 918 748 monstrari.

305 786 584 840 Quantumvis
624 792 765 827 autem
794 784 1015 840 splendida
1053 785 1135 825 sint
1162 784 1276 824 illius
1304 783 1456 825 somnii
1481 783 1565 824 visa

247 874 289 906 et
322 864 638 906 accommodata
672 863 724 905 ad
767 863 1047 919 designandas
1085 862 1237 904 alacris
1292 869 1332 903 et
1381 860 1572 917 generosi

246 944 407 1000 ingenii
445 943 745 999 cogitationeS,
787 956 833 982 ex
873 940 1057 998 quodam
1095 948 1236 981 tamen
1272 939 1574 980 declamatorio

246 1021 393 1062 habitu
415 1029 429 1051 2
450 1054 459 1071 ‚
503 1035 631 1076 quem
668 1020 796 1060 refert
836 1018 949 1073 apud
975 1019 1210 1059 Lucianum
1239 1017 1373 1059 oratio
1401 1015 1573 1059 Erudi-

248 1099 413 1149 tz'om‘s,
446 1095 486 1138 et
504 1098 717 1139 crebriore
735 1129 744 1147 ,
773 1110 880 1153 quae
904 1096 947 1137 in
972 1111 1017 1137 ea
1046 1095 1333 1149 conspicitur,
1361 1107 1575 1136 commen-

250 1176 420 1217 datione
445 1176 658 1218 facultatis
698 1175 807 1215 bene
841 1174 1012 1215 dicendi
1040 1176 1080 1223 ³,
1119 1172 1210 1226 jam
1249 1172 1454 1228 suspicari
1483 1171 1577 1228 quis

253 1254 406 1308 possit,
450 1255 611 1308 primae
657 1253 772 1293 illius
804 1253 976 1294 Luciani
1023 1252 1224 1299 παιδείας
1266 1249 1578 1307 quodammodo

252 1332 478 1373 oratoriam
501 1332 628 1372 fuisse
658 1331 861 1372 indolem.
896 1330 1036 1387 Atque
1070 1331 1127 1371 ita
1159 1344 1224 1370 res
1249 1329 1420 1372 omnino
1438 1344 1480 1369 se
1504 1327 1578 1368 ha-

253 1411 359 1451 huit.
393 1411 586 1466 Namque
622 1410 723 1450 alibi
752 1409 764 1431 '¹
789 1408 961 1449 tradidit
1004 1408 1233 1450 admodum
1260 1421 1302 1447 se
1331 1406 1578 1448 adolescen-

257 1496 339 1529 tem
376 1488 418 1528 in
444 1488 561 1529 Ionia
589 1487 776 1541 coepisse
799 1485 1055 1528 rhetoricae
1086 1501 1258 1541 operam
1286 1485 1411 1536 dare,
1451 1492 1579 1541 atque

254 1566 328 1607 illa
346 1564 579 1607 exercenda
597 1565 789 1621 usquein
805 1564 987 1606 Galliam
1007 1564 1246 1619 profectum
1269 1563 1419 1613 fuisse,
1446 1577 1579 1617 paene

255 1645 642 1702 quadragenarium
665 1657 764 1683 vero
793 1642 831 1683 ci
870 1642 1129 1684 valedixisse.
1164 1641 1285 1682 Unde
1323 1641 1580 1695 percipimus

257 1724 480 1764 sublimem
507 1723 630 1762 illum
655 1735 826 1762 cursum
847 1753 856 1769 ‚
890 1735 975 1776 quo
1004 1735 1079 1775 per
1101 1720 1308 1761 somnium
1344 1720 1397 1760 ab
1421 1720 1583 1760 oriente

257 1804 299 1842 in
337 1801 604 1842 occidentem
633 1799 831 1840 devectus
871 1799 949 1849 sit,
982 1799 1368 1854 peregrinationem
1404 1797 1583 1838 maxime

257 1882 383 1922 fuisse
410 1879 588 1921 rhetoris
613 1879 697 1918 sive
725 1877 935 1932 sophistae
962 1879 992 1918 ⁵.
1045 1879 1137 1930 Qua
1167 1877 1337 1919 demum
1366 1876 1580 1931 perfecta,

256 1959 464 2000 Lucianus
489 1957 664 1999 accessit
688 1956 739 1997 ad
763 1956 871 1997 illud
901 1957 1115 1998 scribendi
1142 1972 1276 2014 genus
1292 1990 1301 2007 ‚
1348 1971 1433 2013 quo
1457 1955 1583 1997 hodie

312 2108 321 2125 1
355 2104 457 2133 Somn.
479 2115 505 2134 c.
531 2102 582 2133 15.
610 2103 781 2139 Grandinr,
805 2113 893 2141 quam
913 2104 950 2132 ad
969 2103 1153 2142 designanda
1173 2103 1325 2132 rhetorica
1347 2101 1474 2132 Luciani
1491 2101 1586 2130 officia

260 2160 512 2190 accommodatior
531 2170 595 2189 esse
618 2159 738 2189 videtur
763 2158 836 2188 haec
865 2158 1009 2198 allegoria
1027 2170 1043 2188 a
1065 2158 1178 2188 semine
1209 2158 1334 2188 serendo
1363 2157 1475 2196 petitam
1497 2167 1584 2196 quam

260 2218 357 2256 specie
376 2219 504 2257 quadam
523 2216 719 2256 philosophae
743 2216 900 2255 gravitatis
921 2216 1024 2254 (Conf.
1039 2228 1087 2246 ex.
1101 2227 1127 2246 c.
1147 2215 1226 2245 Plat.
1247 2215 1375 2246 Phacdr.
1396 2226 1423 2253 p.
1447 2212 1522 2245 276.
1543 2213 1586 2250 E,

262 2273 337 2305 277.
350 2274 405 2316 A.)
418 2274 585 2303 nonnullos
599 2273 753 2302 induxisse
764 2278 852 2311 puto,
867 2278 900 2301 ut
911 2271 1140 2315 σπειρόμενον
1152 2272 1230 2302 illud
1247 2273 1520 2311 interpretarentur
1535 2281 1590 2308 pro

263 2330 427 2360 raritatis
447 2335 475 2359 et
493 2338 589 2358 serae
603 2328 1005 2368 sapienllaeqtrineipb'ls
1017 2351 1026 2367 ‚
1040 2339 1117 2367 quae
1136 2328 1315 2367 aequalibus
1331 2339 1360 2357 st·
1380 2327 1441 2357 suis
1458 2325 1590 2364 imperti<

258 2386 335 2413 xmo.
356 2384 507 2414 Lucianus
526 2384 557 2416 h,
574 2383 596 2415 l,
622 2383 859 2423 signillcavissct.

307 2446 322 2465 ²
349 2449 419 2479 Vid.
441 2450 472 2478 in
493 2459 536 2487 pr.
558 2448 660 2477 Somn.
682 2460 708 2477 (¹.
730 2447 780 2477 13.

307 2516 320 2535 3
352 2513 422 2543 Yid.
443 2513 544 2543 Semn.
565 2524 590 2542 c.
613 2512 634 2541 9
653 2537 660 2551 r
678 2511 738 2550 12,
762 2511 818 2543 13:
841 2513 921 2541 cons.
941 2512 959 2541 7
979 2512 1008 2540 in
1027 2514 1096 2541 linc.

307 2581 324 2602 -¹r
351 2576 400 2605 Bis
424 2575 533 2605 Aecus.
553 2586 580 2606 c.
599 2572 660 2614 27,
683 2574 743 2610 32;
774 2576 832 2604 Pro
848 2575 937 2604 lllcrc.
959 2575 1107 2605 Condnct.
1127 2586 1151 2602 c.
1179 2573 1225 2603 ΞΓ).

312 2642 323 2660 3
353 2642 451 2671 Simili
468 2642 555 2671 modo
576 2641 801 2678 Philostratus,
823 2641 851 2669 in
870 2639 932 2670 vit.
963 2639 1096 2677 Sophist.
1127 2639 1178 2667 lih.
1201 2638 1242 2667 ll.
1277 2637 1391 2679 l5§2‚
1422 2639 1456 2667 de
1491 2638 1589 2668 Ptolo*

267 2709 351 2726 mam»
365 2698 506 2736 sophista
520 2708 525 2726 ε
541 2695 655 2738 ὥσπερ
677 2695 733 2727 ἐπὶ
753 2695 915 2738 λαμπροῖν
940 2693 1119 2735 ὀχήματος
1141 2697 1200 2733 τῆς
1217 2693 1331 2734 φήμης
1341 2691 1590 2736 πορευόμενος,

267 2752 357 2792 διῄει,
379 2754 423 2783 τὰ
442 2752 540 2793 ἄστη.
