2013 3496
1085 199 1139 237 38

448 327 707 376 existimare,
742 324 1015 365 lectissimum
1047 323 1273 380 quemdam
1311 320 1417 362 illud
1459 322 1646 362 fructum
1681 335 1769 364 ma-

449 405 618 447 turim-is
652 402 828 443 Luciani
857 402 1003 443 aetatis
1029 417 1117 444 esse
1135 435 1144 452 ,
1170 416 1255 457 quo
1280 401 1449 441 intimos
1483 401 1621 454 potius
1639 401 1768 442 animi

447 498 589 526 sensus
611 490 652 524 et
677 482 720 522 in
738 481 920 536 patriam
943 495 1059 523 suam
1089 481 1366 528 voluntatem,
1393 491 1520 533 quam
1547 478 1767 534 ingenium

449 560 671 604 ostendere
697 559 892 601 voluerit.
927 560 1080 600 Sensus
1103 559 1147 599 in
1182 558 1257 598 illo
1289 556 1515 611 declarati,
1548 564 1769 612 utcunque

443 656 520 697 per
555 655 598 681 se
637 639 899 689 laudabiles,
931 637 1083 692 passim
1115 635 1351 676 istiusmodi
1395 642 1516 685 sunt,
1544 642 1592 674 ut
1629 648 1768 689 neque

442 720 593 761 natalis
619 718 797 760 Luciani
825 717 940 758 urhis
971 724 1144 767 natura,
1171 729 1248 757 nec
1277 715 1407 770 ipsius
1435 714 1598 756 indoles
1623 728 1766 755 eorum

444 797 662 838 veritatem
688 796 894 838 admittat.
919 796 1229 836 Samosatorum
1266 807 1419 834 nomen
1447 808 1531 833 non
1555 793 1767 832 Lucianus

440 875 634 917 venerari
666 874 806 929 potuit
842 872 958 929 quod
984 887 1061 927 per
1092 872 1224 927 patris
1247 879 1412 927 patrem
1443 878 1484 911 et
1511 884 1764 925 proavorum

440 953 591 997 seriem
632 952 740 993 illud
787 966 941 992 nomen
989 949 1265 992 adscenderet
1314 964 1449 1005 usque
1501 948 1552 989 ad
1608 948 1766 1002 patrios

440 1033 538 1073 deos
572 1048 601 1073 1.
647 1032 738 1071 Non
775 1038 836 1071 est
878 1028 1110 1079 credibile,
1152 1042 1249 1069 eum
1291 1028 1485 1069 doctrina
1526 1027 1766 1082 opibusque

438 1108 691 1165 quaerendis
721 1109 1031 1149 Samosatorum
1057 1106 1323 1161 potissimum
1366 1105 1633 1146 commodum
1672 1119 1765 1158 spe-

437 1195 570 1229 ctasse
598 1198 627 1228 2.
662 1187 754 1228 Non
789 1185 966 1227 Luciani
999 1184 1185 1239 denique
1209 1182 1290 1224 hoc
1327 1184 1549 1238 proprium
1579 1183 1684 1234 fuit,
1719 1190 1766 1223 ut

439 1265 679 1307 celebraret
708 1264 884 1305 deorum
912 1262 1121 1318 proclives
1150 1261 1194 1304 in
1224 1262 1380 1316 patrias
1411 1276 1506 1302 suas
1532 1261 1692 1303 animos
1715 1275 1764 1300 ac

438 1343 592 1386 deinde
607 1343 809 1383 clamaret
825 1345 860 1383 εἰ
876 1342 920 1384 δὲ
937 1346 1055 1388 θεοῖς
1071 1341 1215 1394 τίμιον
1232 1344 1278 1381 τὸ
1294 1345 1367 1393 τῆς
1383 1340 1590 1393 πατρίδος
1609 1342 1761 1392 ὄνομα,

437 1425 528 1470 πῶς
553 1423 629 1464 οὐκ
652 1423 903 1476 ἀνθρώποις
931 1437 976 1472 γε
1007 1418 1153 1474 πολλῷ
1174 1417 1341 1472 μᾶλλον
1368 1419 1397 1459 ³.
1431 1418 1523 1458 Non
1552 1417 1652 1457 civis
1682 1417 1763 1456 Lu-

438 1500 551 1542 ciani
595 1500 802 1540 sententia
836 1497 847 1519 ⁴¹
881 1498 925 1538 in
964 1497 1118 1538 talibus
1153 1496 1225 1537 sed
1261 1495 1438 1537 rhetoris
1470 1509 1624 1549 pompa
1662 1509 1763 1535 con-

437 1579 586 1633 spicua
626 1586 706 1629 est;
752 1591 830 1618 nec
870 1574 1175 1628 dubitandum,
1211 1575 1316 1630 quin
1357 1574 1553 1630 egregius
1592 1573 1763 1614 libellus

436 1672 513 1711 pro
548 1655 776 1711 sophistica
810 1654 1097 1710 disputatione
1128 1652 1348 1694 habendus
1381 1653 1447 1695 sit.

492 1814 652 1856 Verum
678 1820 845 1867 praeter
864 1810 1021 1852 haecce
1050 1810 1094 1851 in
1123 1810 1289 1864 scriptis
1312 1816 1409 1850 ante
1429 1815 1637 1849 mutatum
1657 1808 1762 1849 vitae

433 1969 448 1986 «
461 1956 516 1986 Die
537 1956 695 1995 Innigkeit
707 1979 714 1994 ‚
735 1956 850 1985 welche
861 1956 947 1986 darin
961 1980 970 1995 ‚
988 1956 1056 1985 fern
1068 1966 1127 1986 von
1139 1956 1228 1986 allem
1239 1955 1440 1994 Redeprunke
1450 1978 1458 1994 7
1468 1953 1606 1983 heri-seht
1617 1976 1625 1992 ‚
1636 1953 1720 1982 stellt
1730 1963 1761 1982 es

429 2014 487 2042 deu
508 2013 640 2043 edelsten
660 2011 1006 2052 Herzensergiessungen
1025 2013 1103 2042 alter
1120 2013 1182 2042 und
1203 2023 1296 2042 neuer
1318 2011 1534 2042 Schriftsteller
1558 2010 1634 2039 iiber
1659 2009 1760 2038 diesen

428 2069 561 2098 edelsten
582 2069 774 2108 Gegenstaud
794 2068 878 2098 nieht
898 2069 1059 2108 unwiirdig
1076 2080 1113 2098 an
1132 2069 1180 2098 die
1200 2068 1288 2101 Seite,
1303 2079 1318 2097 »
1343 2067 1440 2098 Simil.
1462 2066 1502 2099 A.
1525 2067 1625 2106 Pauly
1642 2066 1674 2095 in
1696 2066 1760 2095 sin-

428 2126 526 2164 gulari
547 2124 579 2155 h.
600 2125 624 2158 Ι.
644 2124 690 2157 ed.
715 2136 782 2155 cnm
802 2125 904 2157 Somn.
931 2131 960 2155 et
978 2125 1096 2155 Anach.
1117 2125 1244 2165 Tubing.
1265 2123 1372 2162 1825,
1401 2124 1515 2163 prolog.
1537 2134 1565 2162 p.
1589 2121 1711 2154 XXVII
1729 2128 1759 2151 et

432 2182 597 2214 Lehmann.
621 2181 705 2211 Tom.
720 2181 820 2219 VIII,
838 2192 866 2220 p.
887 2179 970 2220 125,
993 2180 1069 2214 485.
1088 2180 1182 2222 Angl.
1204 2182 1332 2220 Interpr,
1356 2181 1462 2211 Thom.
1484 2179 1670 2210 Franklinus
1692 2179 1757 2218 jam

426 2245 507 2268 secte
524 2239 611 2268 vidit.
636 2237 849 2267 scholasticam
864 2238 983 2269 dissert.
1005 2249 1092 2280 esse3
1115 2238 1303 2277 improbatus
1325 2238 1356 2270 h.
1378 2238 1500 2268 nomine
1521 2249 1537 2267 a
1556 2236 1653 2268 Wiel.
1676 2235 1698 2266 l.
1727 2235 1751 2265 l.

473 2292 485 2315 1
513 2295 596 2323 Patr.
616 2293 740 2323 Encom.
763 2304 790 2323 c.
809 2293 840 2323 «ζ’.

476 2355 490 2371 2
517 2350 598 2381 Ihid.
619 2361 645 2380 c.
664 2349 696 2382 7.

476 2404 490 2422 ³
518 2404 599 2435 Ibid.
621 2417 647 2436 e.
668 2404 700 2435 5.
719 2405 791 2435 Vid.
812 2416 900 2444 porro
922 2406 952 2434 in
978 2417 1022 2443 pr.
1043 2418 1068 2436 c.
1085 2405 1106 2437 9
1123 2413 1151 2436 el,
1174 2405 1225 2438 12.

472 2457 489 2477 ³¹
517 2461 629 2500 Opinio
655 2462 691 2492 de
718 2462 865 2501 peculiari
892 2461 1111 2492 Lucianeorum
1140 2463 1318 2502 scriptorum
1350 2463 1494 2500 consilio,
1523 2461 1603 2500 quod
1626 2461 1755 2498 positum

425 2519 462 2547 <it
484 2518 516 2547 in
536 2517 774 2556 informandis
803 2518 901 2548 bonis
924 2519 1063 2549 civibus
1081 2526 1110 2549 et
1129 2518 1407 2549 commendandis
1421 2517 1588 2558 politicis
1610 2515 1753 2556 officiis,

423 2575 571 2611 explicata
589 2585 624 2604 ea
648 2574 681 2604 iu
701 2585 747 2613 pr.
767 2587 782 2603 a
799 2574 915 2604 Jacobo
935 2575 966 2604 in
988 2575 1220 2606 characterismo
1240 2576 1311 2607 Luc.
1326 2599 1334 2614 ‚
1353 2574 1540 2613 potissimum
1555 2573 1663 2603 nititur
1680 2574 1754 2604 locis

423 2640 438 2654 ‹-
462 2629 577 2659 Patriae
596 2630 741 2660 Encomio
758 2631 903 2660 desumtis
922 2636 951 2660 et
966 2643 1002 2660 ex
1025 2632 1133 2671 hujus,
1159 2638 1191 2661 ut
1210 2632 1330 2662 vocavit
1342 2655 1351 2672 ‚
1370 2629 1503 2669 practico
1519 2629 1646 2668 quodam
1668 2640 1753 2659 com—

421 2684 567 2716 mentatio
579 2685 786 2716 Demosthenis
798 2686 953 2722 Encomi03
968 2692 1029 2717 tum
1042 2698 1076 2716 ex
1090 2687 1168 2717 libro
1179 2687 1235 2716 Pro
1247 2685 1380 2717 Mercede
1392 2684 1568 2723 conductis,
1578 2684 1641 2714 vid.
1655 2696 1682 2723 p.
1697 2683 1748 2714 40.
