<?xml version="1.0" encoding="UTF-8"?>
<!DOCTYPE html PUBLIC "-//W3C//DTD XHTML 1.0 Transitional//EN"
    "http://www.w3.org/TR/xhtml1/DTD/xhtml1-transitional.dtd">
<html xmlns="http://www.w3.org/1999/xhtml" xml:lang="en" lang="en">
 <head>
  <title>
</title>
<meta http-equiv="Content-Type" content="text/html;charset=utf-8" />
  <meta name='ocr-system' content='tesseract 3.04.00' />
  <meta name='ocr-capabilities' content='ocr_page ocr_carea ocr_par ocr_line ocrx_word'/>
</head>
<body>
  <div class='ocr_page' id='page_1' title='image "./dissertatioliter00meesuoft_0075.png"; bbox 0 0 2013 3496; ppageno 0'>
   <div class='ocr_carea' id='block_1_1' title="bbox 865 233 917 269">
    <p class='ocr_par' dir='ltr' id='par_1_1' title="bbox 865 233 917 269">
     <span class='ocr_line' id='line_1_1' title="bbox 865 233 917 269; baseline 0.019 -1"><span class='ocrx_word' id='word_1_1' title='bbox 865 233 917 269; x_wconf 70' lang='lat'>65</span> 
     </span>
    </p>
   </div>
   <div class='ocr_carea' id='block_1_2' title="bbox 227 356 1546 2429">
    <p class='ocr_par' dir='ltr' id='par_1_2' title="bbox 227 356 1546 2429">
     <span class='ocr_line' id='line_1_2' title="bbox 234 356 1538 411; baseline 0.002 -17"><span class='ocrx_word' id='word_1_2' title='bbox 234 356 393 404; x_wconf 80' lang='lat' dir='ltr'>venire,</span> <span class='ocrx_word' id='word_1_3' title='bbox 434 370 557 411; x_wconf 82' lang='lat' dir='ltr'>quam</span> <span class='ocrx_word' id='word_1_4' title='bbox 598 359 804 406; x_wconf 71' lang='lat' dir='ltr'>nonnulli,</span> <span class='ocrx_word' id='word_1_5' title='bbox 839 356 1122 405; x_wconf 69' lang='lat' dir='ltr'>iitsslii·estiis‚</span> <span class='ocrx_word' id='word_1_6' title='bbox 1163 357 1382 405; x_wconf 52' lang='lat' dir='ltr'>Aristides,</span> <span class='ocrx_word' id='word_1_7' title='bbox 1425 366 1538 398; x_wconf 70' lang='lat' dir='ltr'>certe</span> 
     </span>
     <span class='ocr_line' id='line_1_3' title="bbox 232 433 1522 491; baseline 0.005 -20"><span class='ocrx_word' id='word_1_8' title='bbox 232 433 362 487; x_wconf 80' lang='lat' dir='ltr'>magis</span> <span class='ocrx_word' id='word_1_9' title='bbox 387 433 545 487; x_wconf 81' lang='lat' dir='ltr'>ingenii</span> <span class='ocrx_word' id='word_1_10' title='bbox 580 442 618 474; x_wconf 82' lang='lat' dir='ltr'>et</span> <span class='ocrx_word' id='word_1_11' title='bbox 653 434 917 489; x_wconf 75' lang='lat' dir='ltr'>eloquentiae</span> <span class='ocrx_word' id='word_1_12' title='bbox 943 437 1208 489; x_wconf 70' lang='lat' dir='ltr'>praestantia,</span> <span class='ocrx_word' id='word_1_13' title='bbox 1227 451 1352 491; x_wconf 87' lang='lat' dir='ltr'>quam</span> <span class='ocrx_word' id='word_1_14' title='bbox 1389 437 1522 477; x_wconf 83' lang='lat' dir='ltr'>‹lescri</span> 
     </span>
     <span class='ocr_line' id='line_1_4' title="bbox 231 510 1539 566; baseline 0.003 -17"><span class='ocrx_word' id='word_1_15' title='bbox 231 510 309 564; x_wconf 77' lang='lat' dir='ltr'>ptis</span> <span class='ocrx_word' id='word_1_16' title='bbox 354 526 377 550; x_wconf 86' lang='lat' dir='ltr'>a</span> <span class='ocrx_word' id='word_1_17' title='bbox 427 518 567 552; x_wconf 84' lang='lat' dir='ltr'>nostro</span> <span class='ocrx_word' id='word_1_18' title='bbox 611 511 798 552; x_wconf 86' lang='lat' dir='ltr'>artificiis</span> <span class='ocrx_word' id='word_1_19' title='bbox 842 512 981 566; x_wconf 82' lang='lat' dir='ltr'>adepti</span> <span class='ocrx_word' id='word_1_20' title='bbox 1018 521 1136 564; x_wconf 78' lang='lat' dir='ltr'>sunt3</span> <span class='ocrx_word' id='word_1_21' title='bbox 1181 514 1280 563; x_wconf 79' lang='lat' dir='ltr'>sed,</span> <span class='ocrx_word' id='word_1_22' title='bbox 1332 522 1375 554; x_wconf 87' lang='lat' dir='ltr'>ul.</span> <span class='ocrx_word' id='word_1_23' title='bbox 1408 515 1539 555; x_wconf 80' lang='lat' dir='ltr'>solent</span> 
     </span>
     <span class='ocr_line' id='line_1_5' title="bbox 232 587 1540 645; baseline 0.005 -19"><span class='ocrx_word' id='word_1_24' title='bbox 232 603 422 641; x_wconf 78' lang='lat' dir='ltr'>perversa</span> <span class='ocrx_word' id='word_1_25' title='bbox 469 587 686 630; x_wconf 89' lang='lat' dir='ltr'>hominum</span> <span class='ocrx_word' id='word_1_26' title='bbox 726 589 889 642; x_wconf 89' lang='lat' dir='ltr'>judicia</span> <span class='ocrx_word' id='word_1_27' title='bbox 935 590 976 630; x_wconf 94' lang='lat' dir='ltr'>in</span> <span class='ocrx_word' id='word_1_28' title='bbox 1020 605 1067 631; x_wconf 86' lang='lat' dir='ltr'>eo</span> <span class='ocrx_word' id='word_1_29' title='bbox 1108 591 1341 633; x_wconf 85' lang='lat' dir='ltr'>studiorum</span> <span class='ocrx_word' id='word_1_30' title='bbox 1388 606 1540 645; x_wconf 78' lang='lat' dir='ltr'>genere</span> 
     </span>
     <span class='ocr_line' id='line_1_6' title="bbox 234 665 1539 725; baseline 0.005 -21"><span class='ocrx_word' id='word_1_31' title='bbox 234 665 412 706; x_wconf 80' lang='lat' dir='ltr'>maxime</span> <span class='ocrx_word' id='word_1_32' title='bbox 445 666 671 720; x_wconf 87' lang='lat' dir='ltr'>conspicua</span> <span class='ocrx_word' id='word_1_33' title='bbox 705 681 819 712; x_wconf 72' lang='lat' dir='ltr'>esse,</span> <span class='ocrx_word' id='word_1_34' title='bbox 855 666 966 721; x_wconf 89' lang='lat' dir='ltr'>quod</span> <span class='ocrx_word' id='word_1_35' title='bbox 1003 667 1076 717; x_wconf 70' lang='lat' dir='ltr'>ea,</span> <span class='ocrx_word' id='word_1_36' title='bbox 1112 683 1194 725; x_wconf 88' lang='lat' dir='ltr'>qua</span> <span class='ocrx_word' id='word_1_37' title='bbox 1217 669 1384 719; x_wconf 76' lang='lat' dir='ltr'>vivunt,</span> <span class='ocrx_word' id='word_1_38' title='bbox 1406 677 1539 711; x_wconf 83' lang='lat' dir='ltr'>aetate</span> 
     </span>
     <span class='ocr_line' id='line_1_7' title="bbox 232 743 1540 803; baseline 0.002 -21"><span class='ocrx_word' id='word_1_39' title='bbox 232 758 331 797; x_wconf 86' lang='lat' dir='ltr'>prae</span> <span class='ocrx_word' id='word_1_40' title='bbox 364 744 539 783; x_wconf 85' lang='lat' dir='ltr'>caeteris</span> <span class='ocrx_word' id='word_1_41' title='bbox 571 743 834 795; x_wconf 81' lang='lat' dir='ltr'>dominatur,</span> <span class='ocrx_word' id='word_1_42' title='bbox 868 746 924 787; x_wconf 87' lang='lat' dir='ltr'>ita</span> <span class='ocrx_word' id='word_1_43' title='bbox 956 746 1164 788; x_wconf 90' lang='lat' dir='ltr'>Lucianus</span> <span class='ocrx_word' id='word_1_44' title='bbox 1196 762 1274 787; x_wconf 89' lang='lat' dir='ltr'>usn</span> <span class='ocrx_word' id='word_1_45' title='bbox 1307 755 1345 788; x_wconf 91' lang='lat' dir='ltr'>et</span> <span class='ocrx_word' id='word_1_46' title='bbox 1380 748 1468 803; x_wconf 76' lang='lat' dir='ltr'>ipse</span> <span class='ocrx_word' id='word_1_47' title='bbox 1502 763 1540 786; x_wconf 66' lang='lat' dir='ltr'>se</span> 
     </span>
     <span class='ocr_line' id='line_1_8' title="bbox 230 820 1539 879; baseline 0.005 -20"><span class='ocrx_word' id='word_1_48' title='bbox 230 820 481 874; x_wconf 80' lang='lat' dir='ltr'>comperisse</span> <span class='ocrx_word' id='word_1_49' title='bbox 524 820 733 875; x_wconf 72' lang='lat' dir='ltr'>ostendit,</span> <span class='ocrx_word' id='word_1_50' title='bbox 774 821 1086 864; x_wconf 77' lang='lat' dir='ltr'>dominantibus</span> <span class='ocrx_word' id='word_1_51' title='bbox 1116 824 1372 864; x_wconf 81' lang='lat' dir='ltr'>deteriorum</span> <span class='ocrx_word' id='word_1_52' title='bbox 1403 825 1539 879; x_wconf 68' lang='lat' dir='ltr'>sophi-</span> 
     </span>
     <span class='ocr_line' id='line_1_9' title="bbox 231 897 1541 954; baseline 0.005 -18"><span class='ocrx_word' id='word_1_53' title='bbox 231 904 387 937; x_wconf 72' lang='lat' dir='ltr'>starum</span> <span class='ocrx_word' id='word_1_54' title='bbox 428 897 675 948; x_wconf 84' lang='lat' dir='ltr'>lenociniis,</span> <span class='ocrx_word' id='word_1_55' title='bbox 722 899 844 939; x_wconf 84' lang='lat' dir='ltr'>nimis</span> <span class='ocrx_word' id='word_1_56' title='bbox 886 908 1135 954; x_wconf 88' lang='lat' dir='ltr'>corruptum</span> <span class='ocrx_word' id='word_1_57' title='bbox 1178 902 1305 942; x_wconf 83' lang='lat' dir='ltr'>fuisse</span> <span class='ocrx_word' id='word_1_58' title='bbox 1331 901 1541 954; x_wconf 86' lang='lat' dir='ltr'>judicium</span> 
     </span>
     <span class='ocr_line' id='line_1_10' title="bbox 229 975 1539 1025; baseline 0.005 -11"><span class='ocrx_word' id='word_1_59' title='bbox 229 990 326 1016; x_wconf 66' lang='lat' dir='ltr'>suae</span> <span class='ocrx_word' id='word_1_60' title='bbox 358 975 528 1025; x_wconf 84' lang='lat' dir='ltr'>aetatis,</span> <span class='ocrx_word' id='word_1_61' title='bbox 563 983 610 1015; x_wconf 94' lang='lat' dir='ltr'>ut</span> <span class='ocrx_word' id='word_1_62' title='bbox 645 977 751 1016; x_wconf 79' lang='lat' dir='ltr'>veris</span> <span class='ocrx_word' id='word_1_63' title='bbox 784 977 945 1017; x_wconf 78' lang='lat' dir='ltr'>meritis</span> <span class='ocrx_word' id='word_1_64' title='bbox 974 992 1072 1018; x_wconf 88' lang='lat' dir='ltr'>suus</span> <span class='ocrx_word' id='word_1_65' title='bbox 1100 978 1142 1019; x_wconf 93' lang='lat' dir='ltr'>in</span> <span class='ocrx_word' id='word_1_66' title='bbox 1172 977 1381 1022; x_wconf 81' lang='lat' dir='ltr'>rhetorica</span> <span class='ocrx_word' id='word_1_67' title='bbox 1407 980 1539 1021; x_wconf 80' lang='lat' dir='ltr'>honor</span> 
     </span>
     <span class='ocr_line' id='line_1_11' title="bbox 229 1052 1540 1115; baseline 0.005 -22"><span class='ocrx_word' id='word_1_68' title='bbox 229 1061 451 1094; x_wconf 83' lang='lat' dir='ltr'>constaret.</span> <span class='ocrx_word' id='word_1_69' title='bbox 489 1054 522 1094; x_wconf 91' lang='lat' dir='ltr'><strong>E</strong></span> <span class='ocrx_word' id='word_1_70' title='bbox 547 1052 733 1096; x_wconf 76' lang='lat' dir='ltr'>Rhetor.</span> <span class='ocrx_word' id='word_1_71' title='bbox 765 1053 1087 1110; x_wconf 75' lang='lat' dir='ltr'>praeceptore,</span> <span class='ocrx_word' id='word_1_72' title='bbox 1112 1057 1208 1098; x_wconf 87' lang='lat' dir='ltr'>satis</span> <span class='ocrx_word' id='word_1_73' title='bbox 1236 1058 1540 1115; x_wconf 77' lang='lat' dir='ltr'>intelligimus,</span> 
     </span>
     <span class='ocr_line' id='line_1_12' title="bbox 234 1130 1543 1193; baseline 0.005 -21"><span class='ocrx_word' id='word_1_74' title='bbox 234 1131 436 1172; x_wconf 72' lang='lat' dir='ltr'>comicum</span> <span class='ocrx_word' id='word_1_75' title='bbox 477 1130 566 1184; x_wconf 85' lang='lat' dir='ltr'>ejus</span> <span class='ocrx_word' id='word_1_76' title='bbox 608 1133 883 1186; x_wconf 78' lang='lat' dir='ltr'>petulantiam</span> <span class='ocrx_word' id='word_1_77' title='bbox 926 1133 1079 1183; x_wconf 86' lang='lat' dir='ltr'>fnisse,</span> <span class='ocrx_word' id='word_1_78' title='bbox 1129 1134 1240 1175; x_wconf 88' lang='lat' dir='ltr'>ubi1</span> <span class='ocrx_word' id='word_1_79' title='bbox 1291 1138 1332 1177; x_wconf 91' lang='lat' dir='ltr'>in</span> <span class='ocrx_word' id='word_1_80' title='bbox 1376 1139 1543 1193; x_wconf 86' lang='lat' dir='ltr'>proprio</span> 
     </span>
     <span class='ocr_line' id='line_1_13' title="bbox 231 1209 1544 1269; baseline 0.005 -21"><span class='ocrx_word' id='word_1_81' title='bbox 231 1211 452 1251; x_wconf 79' lang='lat' dir='ltr'>literarum</span> <span class='ocrx_word' id='word_1_82' title='bbox 488 1225 643 1266; x_wconf 81' lang='lat' dir='ltr'>genere</span> <span class='ocrx_word' id='word_1_83' title='bbox 669 1209 756 1263; x_wconf 88' lang='lat' dir='ltr'>jam</span> <span class='ocrx_word' id='word_1_84' title='bbox 800 1209 1075 1252; x_wconf 82' lang='lat' dir='ltr'>confirmatus</span> <span class='ocrx_word' id='word_1_85' title='bbox 1110 1226 1207 1252; x_wconf 85' lang='lat' dir='ltr'>cum</span> <span class='ocrx_word' id='word_1_86' title='bbox 1234 1213 1382 1255; x_wconf 66' lang='lat' dir='ltr'>festiva</span> <span class='ocrx_word' id='word_1_87' title='bbox 1406 1216 1544 1269; x_wconf 83' lang='lat' dir='ltr'>impu-</span> 
     </span>
     <span class='ocr_line' id='line_1_14' title="bbox 233 1287 1543 1342; baseline 0.002 -14"><span class='ocrx_word' id='word_1_88' title='bbox 233 1288 400 1329; x_wconf 85' lang='lat' dir='ltr'>dentiae</span> <span class='ocrx_word' id='word_1_89' title='bbox 426 1288 565 1342; x_wconf 89' lang='lat' dir='ltr'>specie</span> <span class='ocrx_word' id='word_1_90' title='bbox 590 1287 720 1341; x_wconf 83' lang='lat' dir='ltr'>ipsam</span> <span class='ocrx_word' id='word_1_91' title='bbox 750 1287 1017 1329; x_wconf 85' lang='lat' dir='ltr'>Rlietoricam</span> <span class='ocrx_word' id='word_1_92' title='bbox 1036 1288 1201 1330; x_wconf 86' lang='lat' dir='ltr'>induxit</span> <span class='ocrx_word' id='word_1_93' title='bbox 1217 1300 1543 1332; x_wconf 80' lang='lat' dir='ltr'>asseverantem:</span> 
     </span>
     <span class='ocr_line' id='line_1_15' title="bbox 231 1365 1545 1419; baseline 0.005 -16"><span class='ocrx_word' id='word_1_94' title='bbox 231 1380 271 1404; x_wconf 63' lang='lat' dir='ltr'>se</span> <span class='ocrx_word' id='word_1_95' title='bbox 322 1380 451 1406; x_wconf 89' lang='lat' dir='ltr'>unum</span> <span class='ocrx_word' id='word_1_96' title='bbox 496 1365 755 1418; x_wconf 80' lang='lat' dir='ltr'>Lucianum,</span> <span class='ocrx_word' id='word_1_97' title='bbox 797 1365 951 1406; x_wconf 86' lang='lat' dir='ltr'>relictis</span> <span class='ocrx_word' id='word_1_98' title='bbox 988 1368 1162 1409; x_wconf 86' lang='lat' dir='ltr'>caeteris</span> <span class='ocrx_word' id='word_1_99' title='bbox 1203 1369 1421 1419; x_wconf 88' lang='lat' dir='ltr'>omnibus,</span> <span class='ocrx_word' id='word_1_100' title='bbox 1448 1371 1545 1411; x_wconf 84' lang='lat' dir='ltr'>ada-</span> 
     </span>
     <span class='ocr_line' id='line_1_16' title="bbox 235 1442 1544 1504; baseline 0.005 -22"><span class='ocrx_word' id='word_1_101' title='bbox 235 1457 363 1484; x_wconf 82' lang='lat' dir='ltr'>masse</span> <span class='ocrx_word' id='word_1_102' title='bbox 394 1450 434 1483; x_wconf 84' lang='lat' dir='ltr'>et</span> <span class='ocrx_word' id='word_1_103' title='bbox 459 1442 542 1482; x_wconf 88' lang='lat' dir='ltr'>suis</span> <span class='ocrx_word' id='word_1_104' title='bbox 573 1442 766 1483; x_wconf 81' lang='lat' dir='ltr'>laudibus</span> <span class='ocrx_word' id='word_1_105' title='bbox 798 1458 978 1486; x_wconf 88' lang='lat' dir='ltr'>ornasse.</span> <span class='ocrx_word' id='word_1_106' title='bbox 1013 1446 1203 1501; x_wconf 79' lang='lat' dir='ltr'>Namque</span> <span class='ocrx_word' id='word_1_107' title='bbox 1232 1447 1418 1488; x_wconf 86' lang='lat' dir='ltr'>mordaci</span> <span class='ocrx_word' id='word_1_108' title='bbox 1440 1463 1544 1504; x_wconf 86' lang='lat' dir='ltr'>qua-</span> 
     </span>
     <span class='ocr_line' id='line_1_17' title="bbox 230 1519 1542 1575; baseline 0.005 -15"><span class='ocrx_word' id='word_1_109' title='bbox 230 1521 324 1561; x_wconf 84' lang='lat' dir='ltr'>‹lam</span> <span class='ocrx_word' id='word_1_110' title='bbox 381 1520 575 1575; x_wconf 83' lang='lat' dir='ltr'>propriae</span> <span class='ocrx_word' id='word_1_111' title='bbox 626 1519 760 1562; x_wconf 87' lang='lat' dir='ltr'>laudis</span> <span class='ocrx_word' id='word_1_112' title='bbox 817 1520 1173 1574; x_wconf 84' lang='lat' dir='ltr'>dissimulatione,</span> <span class='ocrx_word' id='word_1_113' title='bbox 1225 1524 1349 1566; x_wconf 87' lang='lat' dir='ltr'>simul</span> <span class='ocrx_word' id='word_1_114' title='bbox 1403 1533 1542 1567; x_wconf 85' lang='lat' dir='ltr'>autem</span> 
     </span>
     <span class='ocr_line' id='line_1_18' title="bbox 232 1598 1544 1657; baseline 0.005 -20"><span class='ocrx_word' id='word_1_115' title='bbox 232 1599 449 1640; x_wconf 85' lang='lat' dir='ltr'>manifesto</span> <span class='ocrx_word' id='word_1_116' title='bbox 497 1598 797 1654; x_wconf 79' lang='lat' dir='ltr'>indignationis</span> <span class='ocrx_word' id='word_1_117' title='bbox 836 1599 1007 1651; x_wconf 84' lang='lat' dir='ltr'>indicio,</span> <span class='ocrx_word' id='word_1_118' title='bbox 1048 1601 1091 1642; x_wconf 91' lang='lat' dir='ltr'>in</span> <span class='ocrx_word' id='word_1_119' title='bbox 1132 1602 1279 1644; x_wconf 89' lang='lat' dir='ltr'>eodem</span> <span class='ocrx_word' id='word_1_120' title='bbox 1308 1617 1434 1657; x_wconf 87' lang='lat' dir='ltr'>opere</span> <span class='ocrx_word' id='word_1_121' title='bbox 1464 1605 1544 1645; x_wconf 88' lang='lat' dir='ltr'>ait:</span> 
     </span>
     <span class='ocr_line' id='line_1_19' title="bbox 234 1675 1544 1732; baseline 0.007 -19"><span class='ocrx_word' id='word_1_122' title='bbox 234 1678 262 1716; x_wconf 68' lang='lat' dir='ltr'>si</span> <span class='ocrx_word' id='word_1_123' title='bbox 297 1675 461 1726; x_wconf 85' lang='lat' dir='ltr'>videre,</span> <span class='ocrx_word' id='word_1_124' title='bbox 499 1675 722 1732; x_wconf 85' lang='lat' dir='ltr'>plerosque</span> <span class='ocrx_word' id='word_1_125' title='bbox 761 1676 851 1717; x_wconf 85' lang='lat' dir='ltr'>sine</span> <span class='ocrx_word' id='word_1_126' title='bbox 875 1677 1019 1718; x_wconf 87' lang='lat' dir='ltr'>labore</span> <span class='ocrx_word' id='word_1_127' title='bbox 1048 1678 1278 1732; x_wconf 86' lang='lat' dir='ltr'>majoribus</span> <span class='ocrx_word' id='word_1_128' title='bbox 1310 1678 1544 1722; x_wconf 80' lang='lat' dir='ltr'>honoribus</span> 
     </span>
     <span class='ocr_line' id='line_1_20' title="bbox 233 1752 1546 1816; baseline 0.004 -22"><span class='ocrx_word' id='word_1_129' title='bbox 233 1754 446 1810; x_wconf 84' lang='lat' dir='ltr'>dignatos,</span> <span class='ocrx_word' id='word_1_130' title='bbox 489 1752 672 1809; x_wconf 73' lang='lat' dir='ltr'>quadam</span> <span class='ocrx_word' id='word_1_131' title='bbox 714 1753 1004 1810; x_wconf 85' lang='lat' dir='ltr'>eligendarum</span> <span class='ocrx_word' id='word_1_132' title='bbox 1047 1756 1257 1798; x_wconf 86' lang='lat' dir='ltr'>rationum</span> <span class='ocrx_word' id='word_1_133' title='bbox 1291 1757 1546 1816; x_wconf 75' lang='lat' dir='ltr'>viarumque</span> 
     </span>
     <span class='ocr_line' id='line_1_21' title="bbox 232 1829 1545 1887; baseline 0.005 -16"><span class='ocrx_word' id='word_1_134' title='bbox 232 1831 433 1872; x_wconf 87' lang='lat' dir='ltr'>felicitate</span> <span class='ocrx_word' id='word_1_135' title='bbox 461 1830 490 1870; x_wconf 82' lang='lat'>².</span> <span class='ocrx_word' id='word_1_136' title='bbox 542 1829 659 1870; x_wconf 80' lang='lat' dir='ltr'>Unde</span> <span class='ocrx_word' id='word_1_137' title='bbox 688 1831 731 1871; x_wconf 92' lang='lat' dir='ltr'>in</span> <span class='ocrx_word' id='word_1_138' title='bbox 763 1830 846 1872; x_wconf 88' lang='lat' dir='ltr'>fine</span> <span class='ocrx_word' id='word_1_139' title='bbox 880 1831 1071 1886; x_wconf 86' lang='lat' dir='ltr'>ejusdem</span> <span class='ocrx_word' id='word_1_140' title='bbox 1100 1834 1233 1875; x_wconf 88' lang='lat' dir='ltr'>libelli</span> <span class='ocrx_word' id='word_1_141' title='bbox 1257 1834 1344 1887; x_wconf 87' lang='lat' dir='ltr'>jam</span> <span class='ocrx_word' id='word_1_142' title='bbox 1383 1850 1465 1876; x_wconf 90' lang='lat' dir='ltr'>non</span> <span class='ocrx_word' id='word_1_143' title='bbox 1494 1837 1545 1877; x_wconf 89' lang='lat' dir='ltr'>ad</span> 
     </span>
     <span class='ocr_line' id='line_1_22' title="bbox 227 1907 1543 1965; baseline 0.005 -16"><span class='ocrx_word' id='word_1_144' title='bbox 227 1924 358 1950; x_wconf 90' lang='lat' dir='ltr'>unum</span> <span class='ocrx_word' id='word_1_145' title='bbox 386 1907 720 1959; x_wconf 84' lang='lat' dir='ltr'>adolescentem,</span> <span class='ocrx_word' id='word_1_146' title='bbox 751 1908 821 1950; x_wconf 87' lang='lat' dir='ltr'>sed</span> <span class='ocrx_word' id='word_1_147' title='bbox 849 1909 900 1949; x_wconf 87' lang='lat' dir='ltr'>ad</span> <span class='ocrx_word' id='word_1_148' title='bbox 930 1911 1130 1965; x_wconf 86' lang='lat' dir='ltr'>aequales</span> <span class='ocrx_word' id='word_1_149' title='bbox 1149 1910 1336 1952; x_wconf 87' lang='lat' dir='ltr'>rhetores</span> <span class='ocrx_word' id='word_1_150' title='bbox 1354 1914 1543 1955; x_wconf 84' lang='lat' dir='ltr'>oratione</span> 
     </span>
     <span class='ocr_line' id='line_1_23' title="bbox 230 1986 1545 2044; baseline 0.002 -16"><span class='ocrx_word' id='word_1_151' title='bbox 230 1986 450 2028; x_wconf 71' lang='lat' dir='ltr'>conversa:</span> <span class='ocrx_word' id='word_1_152' title='bbox 505 2000 623 2041; x_wconf 86' lang='lat' dir='ltr'>«ego</span> <span class='ocrx_word' id='word_1_153' title='bbox 668 2001 827 2039; x_wconf 85' lang='lat' dir='ltr'>vero,›&gt;</span> <span class='ocrx_word' id='word_1_154' title='bbox 879 1987 1045 2044; x_wconf 90' lang='lat' dir='ltr'>inquit,</span> <span class='ocrx_word' id='word_1_155' title='bbox 1096 1987 1306 2044; x_wconf 84' lang='lat' dir='ltr'>«ignarus</span> <span class='ocrx_word' id='word_1_156' title='bbox 1352 1990 1463 2031; x_wconf 88' lang='lat' dir='ltr'>enim</span> <span class='ocrx_word' id='word_1_157' title='bbox 1506 1999 1545 2031; x_wconf 85' lang='lat' dir='ltr'>et</span> 
     </span>
     <span class='ocr_line' id='line_1_24' title="bbox 233 2063 1544 2116; baseline 0.002 -10"><span class='ocrx_word' id='word_1_158' title='bbox 233 2083 252 2106; x_wconf 89' lang='lat'>&lt;‹</span> <span class='ocrx_word' id='word_1_159' title='bbox 268 2064 437 2106; x_wconf 87' lang='lat' dir='ltr'>timidus</span> <span class='ocrx_word' id='word_1_160' title='bbox 468 2078 573 2113; x_wconf 70' lang='lat' dir='ltr'>sum,</span> <span class='ocrx_word' id='word_1_161' title='bbox 602 2063 654 2104; x_wconf 87' lang='lat' dir='ltr'>de</span> <span class='ocrx_word' id='word_1_162' title='bbox 671 2064 732 2104; x_wconf 76' lang='lat' dir='ltr'>via</span> <span class='ocrx_word' id='word_1_163' title='bbox 761 2066 871 2106; x_wconf 84' lang='lat' dir='ltr'>vobis</span> <span class='ocrx_word' id='word_1_164' title='bbox 898 2065 1126 2116; x_wconf 86' lang='lat' dir='ltr'>decedam,</span> <span class='ocrx_word' id='word_1_165' title='bbox 1150 2074 1192 2107; x_wconf 89' lang='lat' dir='ltr'>et.</span> <span class='ocrx_word' id='word_1_166' title='bbox 1221 2066 1408 2108; x_wconf 91' lang='lat' dir='ltr'>desinam</span> <span class='ocrx_word' id='word_1_167' title='bbox 1434 2068 1544 2109; x_wconf 85' lang='lat' dir='ltr'>Rhe-</span> 
     </span>
     <span class='ocr_line' id='line_1_25' title="bbox 236 2142 1542 2198; baseline 0.002 -16"><span class='ocrx_word' id='word_1_168' title='bbox 236 2142 446 2183; x_wconf 65' lang='lat' dir='ltr'>«toricam</span> <span class='ocrx_word' id='word_1_169' title='bbox 478 2143 651 2193; x_wconf 79' lang='lat' dir='ltr'>sectari,</span> <span class='ocrx_word' id='word_1_170' title='bbox 684 2142 785 2197; x_wconf 86' lang='lat' dir='ltr'>quia</span> <span class='ocrx_word' id='word_1_171' title='bbox 818 2158 899 2183; x_wconf 89' lang='lat' dir='ltr'>non</span> <span class='ocrx_word' id='word_1_172' title='bbox 927 2158 1094 2198; x_wconf 92' lang='lat' dir='ltr'>possum</span> <span class='ocrx_word' id='word_1_173' title='bbox 1121 2143 1174 2184; x_wconf 83' lang='lat' dir='ltr'>ad</span> <span class='ocrx_word' id='word_1_174' title='bbox 1206 2159 1297 2185; x_wconf 85' lang='lat' dir='ltr'>eam</span> <span class='ocrx_word' id='word_1_175' title='bbox 1327 2145 1542 2186; x_wconf 80' lang='lat' dir='ltr'>vobiscum</span> 
     </span>
     <span class='ocr_line' id='line_1_26' title="bbox 234 2221 1538 2276; baseline 0.004 -17"><span class='ocrx_word' id='word_1_176' title='bbox 234 2234 446 2275; x_wconf 85' lang='lat' dir='ltr'>«aequam</span> <span class='ocrx_word' id='word_1_177' title='bbox 488 2227 646 2273; x_wconf 80' lang='lat' dir='ltr'>partem</span> <span class='ocrx_word' id='word_1_178' title='bbox 675 2221 883 2263; x_wconf 85' lang='lat' dir='ltr'>conferre.</span> <span class='ocrx_word' id='word_1_179' title='bbox 917 2222 995 2264; x_wconf 81' lang='lat' dir='ltr'>Vel</span> <span class='ocrx_word' id='word_1_180' title='bbox 1025 2221 1163 2276; x_wconf 85' lang='lat' dir='ltr'>potius</span> <span class='ocrx_word' id='word_1_181' title='bbox 1194 2222 1282 2275; x_wconf 84' lang='lat' dir='ltr'>jam</span> <span class='ocrx_word' id='word_1_182' title='bbox 1312 2222 1429 2264; x_wconf 89' lang='lat' dir='ltr'>desii.</span> <span class='ocrx_word' id='word_1_183' title='bbox 1462 2224 1538 2265; x_wconf 81' lang='lat' dir='ltr'>Ita-</span> 
     </span>
     <span class='ocr_line' id='line_1_27' title="bbox 234 2298 1543 2354; baseline 0.003 -17"><span class='ocrx_word' id='word_1_184' title='bbox 234 2312 349 2353; x_wconf 85' lang='lat' dir='ltr'>«quc</span> <span class='ocrx_word' id='word_1_185' title='bbox 389 2298 476 2338; x_wconf 83' lang='lat' dir='ltr'>sino</span> <span class='ocrx_word' id='word_1_186' title='bbox 514 2298 688 2352; x_wconf 77' lang='lat' dir='ltr'>pulvere</span> <span class='ocrx_word' id='word_1_187' title='bbox 733 2299 1036 2353; x_wconf 84' lang='lat' dir='ltr'>praedicandos</span> <span class='ocrx_word' id='word_1_188' title='bbox 1069 2314 1136 2340; x_wconf 87' lang='lat' dir='ltr'>vos</span> <span class='ocrx_word' id='word_1_189' title='bbox 1169 2307 1297 2354; x_wconf 85' lang='lat' dir='ltr'>atque</span> <span class='ocrx_word' id='word_1_190' title='bbox 1331 2300 1543 2343; x_wconf 76' lang='lat' dir='ltr'>admiran—</span> 
     </span>
     <span class='ocr_line' id='line_1_28' title="bbox 233 2376 1546 2429; baseline 0.002 -14"><span class='ocrx_word' id='word_1_191' title='bbox 233 2377 339 2417; x_wconf 83' lang='lat' dir='ltr'>«dos</span> <span class='ocrx_word' id='word_1_192' title='bbox 380 2376 602 2429; x_wconf 83' lang='lat' dir='ltr'>praebete,</span> <span class='ocrx_word' id='word_1_193' title='bbox 644 2376 749 2417; x_wconf 91' lang='lat' dir='ltr'>illud</span> <span class='ocrx_word' id='word_1_194' title='bbox 781 2377 913 2418; x_wconf 87' lang='lat' dir='ltr'>solum</span> <span class='ocrx_word' id='word_1_195' title='bbox 947 2377 1181 2425; x_wconf 83' lang='lat' dir='ltr'>recordati,</span> <span class='ocrx_word' id='word_1_196' title='bbox 1222 2392 1299 2419; x_wconf 89' lang='lat' dir='ltr'>nec</span> <span class='ocrx_word' id='word_1_197' title='bbox 1329 2378 1546 2420; x_wconf 72' lang='lat' dir='ltr'>celeritate</span> 
     </span>
    </p>
   </div>
   <div class='ocr_carea' id='block_1_3' title="bbox 233 2453 1544 2508">
    <p class='ocr_par' dir='ltr' id='par_1_3' title="bbox 233 2453 1544 2508">
     <span class='ocr_line' id='line_1_29' title="bbox 233 2453 1544 2508; baseline 0.005 -18"><span class='ocrx_word' id='word_1_198' title='bbox 233 2468 333 2493; x_wconf 75' lang='lat' dir='ltr'>«vos</span> <span class='ocrx_word' id='word_1_199' title='bbox 373 2454 503 2494; x_wconf 77' lang='lat' dir='ltr'>vestra</span> <span class='ocrx_word' id='word_1_200' title='bbox 542 2453 714 2501; x_wconf 78' lang='lat' dir='ltr'>vicisse,</span> <span class='ocrx_word' id='word_1_201' title='bbox 750 2454 820 2508; x_wconf 89' lang='lat' dir='ltr'>qui</span> <span class='ocrx_word' id='word_1_202' title='bbox 862 2454 1090 2494; x_wconf 75' lang='lat' dir='ltr'>velociores</span> <span class='ocrx_word' id='word_1_203' title='bbox 1117 2454 1296 2507; x_wconf 74' lang='lat' dir='ltr'>judicati</span> <span class='ocrx_word' id='word_1_204' title='bbox 1331 2455 1443 2504; x_wconf 73' lang='lat' dir='ltr'>sitis,</span> <span class='ocrx_word' id='word_1_205' title='bbox 1480 2471 1544 2497; x_wconf 75' lang='lat' dir='ltr'>ve-</span> 
     </span>
    </p>
   </div>
   <div class='ocr_carea' id='block_1_4' title="bbox 286 2603 1222 2658">
    <p class='ocr_par' dir='ltr' id='par_1_4' title="bbox 286 2603 1222 2658">
     <span class='ocr_line' id='line_1_30' title="bbox 1204 2603 1222 2626; baseline 0 0"><span class='ocrx_word' id='word_1_206' title='bbox 1204 2603 1222 2626; x_wconf 65' lang='grc' dir='ltr'>Ο</span> 
     </span>
     <span class='ocr_line' id='line_1_31' title="bbox 286 2626 615 2658; baseline 0.003 -2"><span class='ocrx_word' id='word_1_207' title='bbox 286 2628 288 2642; x_wconf 84' lang='grc'><strong>“</strong></span> <span class='ocrx_word' id='word_1_208' title='bbox 324 2628 371 2656; x_wconf 75' lang='lat' dir='ltr'>Bis</span> <span class='ocrx_word' id='word_1_209' title='bbox 391 2628 495 2658; x_wconf 68' lang='lat' dir='ltr'>Ancus.</span> <span class='ocrx_word' id='word_1_210' title='bbox 518 2640 542 2655; x_wconf 69' lang='grc' dir='ltr'>ν.</span> <span class='ocrx_word' id='word_1_211' title='bbox 564 2626 615 2658; x_wconf 78' lang='grc'>27.</span> 
     </span>
    </p>
   </div>
   <div class='ocr_carea' id='block_1_5' title="bbox 282 2690 628 2722">
    <p class='ocr_par' dir='ltr' id='par_1_5' title="bbox 282 2690 628 2722">
     <span class='ocr_line' id='line_1_32' title="bbox 282 2690 628 2722; baseline 0.003 -2"><span class='ocrx_word' id='word_1_212' title='bbox 282 2690 294 2710; x_wconf 63' lang='lat' dir='ltr'>‘A</span> <span class='ocrx_word' id='word_1_213' title='bbox 324 2692 408 2721; x_wconf 76' lang='lat' dir='ltr'>lel.</span> <span class='ocrx_word' id='word_1_214' title='bbox 430 2693 528 2722; x_wconf 66' lang='lat' dir='ltr'>Pravo,</span> <span class='ocrx_word' id='word_1_215' title='bbox 553 2705 576 2720; x_wconf 67' lang='lat' dir='ltr'>v.</span> <span class='ocrx_word' id='word_1_216' title='bbox 601 2694 628 2721; x_wconf 65' lang='lat'>8.</span> 
     </span>
    </p>
   </div>
  </div>
 </body>
</html>
