2013 3496
883 299 942 339 29

253 428 339 467 rica
365 426 499 481 primo
534 426 821 480 conjunctum.
858 425 1068 479 Ejusmodi
1099 424 1263 464 consilii
1286 424 1460 464 mutatio
1490 438 1564 477 per

246 504 456 556 juveniles
488 505 661 544 Luciani
690 519 819 544 annos
857 503 1046 543 instituta
1077 517 1125 543 ex
1164 501 1251 554 ejus
1286 501 1450 555 scriptis
1480 515 1562 541 non

252 581 349 621 satis
370 590 558 635 apparet.
595 582 769 636 Proprio
801 581 873 620 ille
912 580 1083 635 quidem
1111 578 1257 628 modo,
1279 585 1565 619 verumtamen

254 659 296 698 in
334 657 648 700 dominantibus
676 659 789 698 illius
816 658 905 697 aevi
940 656 1158 697 rhetoricis
1197 655 1373 705 studiis,
1407 653 1567 694 tamdiu

255 745 438 778 versatus
476 736 670 787 videtur,
712 736 846 776 donec
891 737 1078 789 perfecto
1117 735 1311 792 ingenio,
1356 734 1425 774 sed
1476 733 1569 786 plus

255 814 428 855 dimidia
462 813 606 854 aetatis
650 821 768 867 parte
801 814 1018 863 confecta,
1054 815 1106 855 ab
1148 814 1197 854 iis
1235 829 1278 854 se
1306 813 1396 867 ipse
1423 809 1569 863 sejun-

257 900 401 948 geret,
445 899 492 931 ut
527 892 769 946 aequalium
805 891 948 932 irrisor
990 906 1037 931 ac
1075 906 1221 932 censor
1255 905 1331 945 per
1364 889 1568 942 reliquam

256 984 371 1010 suam
405 969 550 1019 vitam,
587 983 691 1009 nova
726 969 852 1022 plane
888 975 927 1008 et
960 969 1165 1024 singulari
1201 968 1266 1006 via
1289 966 1509 1006 insisteret.

804 1137 991 1150 —quff

860 1287 949 1341 IV.

552 1445 602 1475 DE
630 1445 793 1475 LUCIANI
821 1445 998 1476 SCRIPTIS
1024 1446 1279 1478 SOPHISTICIS.

320 1588 349 1629 E
381 1586 546 1641 scriptis
579 1587 778 1638 Luciam,
826 1602 935 1641 quae
965 1588 1015 1629 ad
1044 1596 1183 1629 nostra
1212 1596 1399 1644 tempora
1427 1603 1578 1644 perve-

262 1672 433 1715 nerunt,
484 1665 609 1720 longe
637 1665 759 1718 plura
798 1665 1016 1706 referenda
1062 1675 1159 1707 sunt
1209 1666 1260 1707 ad
1302 1667 1576 1721 posteriorem

263 1743 370 1783 vitae
392 1750 581 1796 partem,
629 1756 757 1797 quam
790 1743 841 1783 ad
883 1758 971 1784 eam
992 1777 1001 1794 ‚
1046 1744 1097 1784 de
1127 1758 1210 1798 qua
1241 1758 1354 1785 nunc
1389 1745 1576 1800 agimus,

256 1820 490 1873 juvenilem
529 1828 656 1875 atque
687 1820 968 1875 sophisticam.
1012 1821 1248 1876 Sophistica
1287 1829 1428 1863 autem
1458 1822 1580 1862 indo-

264 1899 349 1948 les,
396 1912 528 1953 quum
570 1899 612 1939 in
656 1899 907 1953 quibusdam
947 1907 1094 1953 sponte
1137 1907 1364 1954 appareat,
1407 1899 1450 1939 in
1490 1900 1581 1939 aliis

262 1975 445 2016 difficilis
476 1984 536 2017 est
565 1977 814 2019 existimatu,
849 1978 979 2028 Nam,
1013 1977 1127 2033 quod
1155 1992 1281 2032 supra
1315 1977 1580 2026 monuimus,

263 2053 315 2093 ad
351 2068 546 2110 magnam
593 2055 749 2095 formae
795 2062 834 2095 et
878 2055 1116 2111 argumenti
1163 2055 1407 2096 varietatem
1452 2062 1583 2096 artem

264 2130 543 2185 sophistarum
586 2147 628 2172 se
672 2133 934 2181 extendisse,
977 2133 1017 2174 id
1072 2132 1277 2186 ejusmodi
1326 2141 1413 2184 est,
1457 2141 1503 2174 ut
1543 2133 1585 2173 in

266 2210 446 2266 legendo
481 2211 633 2251 dubius
670 2211 881 2252 interdum
916 2212 997 2266 sis,
1036 2213 1250 2252 formaene
1279 2211 1585 2251 commendatio

266 2288 309 2327 in
350 2289 644 2341 pertractanda
690 2290 864 2329 matcrie
907 2305 929 2329 a
967 2290 1172 2343 scriptore
1215 2288 1478 2342 potissimum
1522 2303 1589 2329 re-

265 2374 407 2420 specta
435 2366 585 2417 suerit,
618 2382 670 2407 an
705 2368 831 2421 plane
861 2368 968 2408 serio
1002 2375 1040 2408 et
1070 2367 1244 2421 proprio
1281 2366 1464 2421 quodam
1487 2380 1591 2407 con-

265 2443 357 2484 silio
388 2458 451 2483 res
469 2452 634 2499 agatur.
669 2446 814 2500 Itaque
847 2446 918 2487 ubi
939 2453 1133 2495 externa,
1159 2444 1271 2498 quod
1303 2444 1345 2484 in
1375 2443 1590 2498 plerisque

266 2521 449 2572 accidit,
495 2522 652 2563 indicia
696 2524 869 2573 absunt,
909 2524 1142 2565 sententiae
1187 2528 1351 2576 oportet
1388 2521 1591 2562 rationem

267 2607 307 2639 et
328 2600 427 2640 libri
459 2600 630 2641 omnino
659 2599 944 2642 characterem
969 2616 1065 2641 cum
1096 2600 1304 2655 peculiari
1339 2599 1413 2639 illo
1444 2597 1593 2639 chara-

267 2684 382 2718 ctere
404 2678 615 2729 conferre:
650 2693 776 2733 quem
796 2687 1005 2719 maturum
1028 2679 1201 2719 Luciani
1223 2677 1444 2734 ingenium
1460 2676 1592 2731 ipsius

269 2754 435 2807 scriptis
466 2756 688 2809 impressit.
719 2756 845 2809 Cujus
883 2758 1052 2811 quidem
1091 2755 1378 2812 distinguendi
1424 2754 1594 2795 rationis
