2013 3496
1082 193 1135 231 70

525 321 554 360 E
583 321 887 361 recentioribus
917 318 1218 368 Wielandaew,
1256 318 1301 358 in
1331 319 1614 374 disputatione
1636 326 1777 366 Germ.

471 399 643 438 versioni
685 397 937 451 praemissa,
975 398 1109 438 levius
1155 410 1240 436 rein
1292 399 1511 450 tractavit,
1548 403 1779 457 statuitque

464 490 620 516 annum
649 491 689 530 p.
720 475 816 518 Chr.
844 475 1026 526 CXVII,
1056 477 1082 516 i.
1117 491 1154 516 e.
1188 473 1387 515 ultimum
1420 477 1613 530 Traiani,
1645 487 1696 520 ut
1725 494 1781 521 ‘ne

463 552 629 595 Saietae
667 554 927 595 auctoritas
950 568 1148 609 prorsas
1173 556 1510 612 negligeretur;
1549 556 1624 598 Th.
1661 557 1701 607 l,
1734 559 1780 598 S.

462 633 595 675 XVII.
616 633 944 674 —Prodierunt
973 632 1057 673 duo
1094 632 1338 674 brevissima
1367 633 1595 688 specimina
1620 633 1675 676 E.
1699 636 1777 676 Ae.

464 709 646 751 Struvc'z'
661 744 670 761 ‚
689 711 741 752 de
767 711 942 752 Luciani
963 717 1098 751 aetate
1117 718 1157 751 et
1180 712 1261 752 vita
1277 744 1286 762 ,
1304 712 1464 754 Gorlic.
1495 713 1603 754 1829
1619 744 1629 761 ‚
1654 716 1778 755 1830.

463 789 618 830 Statuit
646 789 716 831 hic
748 805 787 832 a.
817 790 990 840 CXXX;
1021 804 1044 830 a
1076 789 1230 830 Solane
1250 823 1259 840 ,
1289 798 1335 831 ut
1366 790 1559 840 videtur,
1594 792 1636 832 in
1666 806 1781 832 erro-

461 881 549 906 rem
579 866 793 908 inductus.

520 946 708 1000 Apparet
748 960 794 986 ex
844 944 1109 986 Alemmdro
1149 960 1179 987 s,
1224 945 1575 997 Psezcdomanti‚
1623 961 1660 989 c.
1710 949 1779 988 56.

463 1024 694 1065 Lucianum
719 1037 817 1063 cum
845 1029 965 1077 patre
992 1022 1072 1062 iter
1086 1022 1233 1064 fecisse
1249 1030 1291 1063 et
1311 1024 1487 1065 florente
1502 1031 1637 1065 aetate
1654 1024 1783 1066 fuisse

461 1109 554 1155 post
588 1100 796 1141 Rutiliani
835 1099 1056 1154 cujusdam
1087 1100 1255 1154 nuptias
1295 1114 1392 1141 cum
1432 1101 1518 1143 filia
1553 1101 1783 1143 Alexandri

461 1177 812 1229 Abonotichitae,
856 1192 894 1220 e.
933 1180 1010 1230 54,
1045 1182 1122 1220 55:
1157 1179 1308 1220 obiisse
1336 1185 1477 1221 autem
1513 1178 1628 1220 hunc
1658 1179 1783 1220 Ruti-

462 1258 623 1298 lianum
662 1257 828 1298 decimo
864 1272 973 1298 anno
1018 1265 1110 1312 post
1143 1258 1337 1312 nuptias,
1385 1272 1423 1300 c.
1465 1259 1549 1307 34,
1579 1260 1650 1299 35.
1700 1257 1782 1299 Sed

467 1336 584 1377 nullo
607 1335 707 1389 jure
738 1335 956 1387 Struvius,
986 1343 1153 1376 secutus
1180 1336 1223 1376 in
1240 1350 1287 1377 eo
1304 1335 1447 1376 Solani
1467 1335 1781 1377 adnotationem

464 1414 517 1455 ad
544 1415 663 1455 Alex.
695 1428 731 1455 e.
757 1418 811 1455 30
831 1447 840 1460 ‚
871 1413 1072 1464 affirmat,
1097 1413 1363 1454 Rutilianum
1385 1412 1535 1453 obiisse
1556 1421 1650 1467 post
1671 1428 1784 1455 mor-

463 1502 545 1535 tem
590 1495 642 1535 M.
689 1493 876 1543 Aurelii,
905 1494 932 1534 i.
962 1508 998 1535 e.
1030 1500 1124 1548 post
1151 1508 1189 1535 a.
1218 1493 1419 1545 CLXXX,
1445 1507 1558 1546 spec,
1591 1495 1634 1544 1,
1666 1508 1708 1548 p.
1727 1497 1781 1545 33

466 1581 505 1613 et
537 1572 713 1612 Luciani
744 1573 824 1613 iter
852 1573 979 1613 refert
1016 1572 1068 1613 ad
1097 1587 1134 1613 a.
1168 1572 1309 1614 CLXX
1351 1586 1383 1613 s,
1417 1572 1620 1615 CLXXV:
1659 1572 1782 1626 SpeC.

466 1652 505 1701 Ι,
535 1665 576 1704 p.
610 1653 659 1701 33
693 1651 815 1705 SpeC.
847 1651 910 1700 H,
945 1664 988 1704 p.
1022 1652 1072 1701 43
1107 1664 1292 1705 eumque
1323 1664 1371 1691 eo
1400 1657 1590 1704 tempore
1614 1650 1785 1690 circiter

463 1744 592 1769 annos
624 1729 907 1786 quadraginta
940 1737 1086 1771 natum
1116 1729 1244 1769 fuisse
1275 1728 1434 1771 statuit.
1482 1728 1542 1770 De
1570 1729 1779 1770 Rutiliani

463 1815 597 1848 morte
631 1808 766 1848 solum
798 1815 985 1859 constat,
1024 1822 1115 1850 eam
1146 1807 1350 1850 accidisse
1377 1815 1471 1862 post
1486 1815 1665 1849 mortem
1686 1808 1784 1849 Ale-

463 1885 635 1937 xandri,
669 1885 752 1927 vid.
779 1887 898 1928 Alex.
930 1900 967 1928 c.
998 1890 1082 1938 59,
1107 1888 1191 1935 603
1225 1885 1340 1927 hunc
1371 1894 1512 1928 autem
1543 1886 1693 1926 ultima
1730 1887 1783 1926 M.

464 1964 625 2004 Aurelii
665 1972 855 2020 tempora
897 1966 1085 2022 attigisse
1130 1981 1214 2007 non
1256 1965 1478 2020 probabile
1508 1972 1595 2013 est;
1629 1964 1785 2005 etenim

464 2042 642 2084 decessit
678 2051 773 2084 ante
812 2059 970 2085 annum
999 2052 1079 2087 aet.
1104 2045 1238 2099 LXX7
1271 2059 1309 2087 c,
1344 2048 1422 2090 59:
1446 2044 1535 2098 jam
1568 2057 1668 2084 vero
1706 2043 1786 2084 sub

463 2123 678 2164 Antonino
703 2123 777 2164 Pio
808 2123 923 2164 tanta
950 2124 1059 2165 fama
1089 2124 1292 2174 florebat,
1329 2132 1376 2165 ut
1407 2123 1579 2179 publice
1623 2123 1785 2164 nummi

462 2199 720 2241 cuderentur
759 2201 803 2242 in
840 2200 1042 2242 honorem
1082 2200 1172 2254 ejus
1225 2202 1412 2255 oraculi,
1440 2201 1524 2243 vid.
1555 2200 1670 2242 laud.
1708 2213 1778 2254 ap.

463 2279 602 2321 Solan.
629 2279 680 2321 ad
711 2279 830 2322 Alex.
859 2295 895 2322 e.
929 2284 1006 2332 58,
1035 2279 1340 2335 Spanhemffls,
1387 2281 1439 2322 de
1468 2281 1554 2321 Usu
1585 2287 1625 2320 et
1655 2280 1781 2320 Prae-

461 2366 583 2399 stant.
619 2359 821 2401 Numism.
848 2375 891 2414 p.
926 2361 1166 2402 176—178.
1211 2360 1302 2400 Imo
1334 2374 1432 2400 vero
1465 2357 1554 2411 jan]
1584 2357 1781 2411 provecta

461 2446 596 2480 aetate
651 2440 759 2488 fuit,
807 2453 939 2494 quum
981 2438 1071 2493 ejus
1113 2439 1335 2479 oraculum
1387 2438 1570 2491 primum
1624 2436 1783 2476 Romae.

463 2516 768 2567 innotesceret,
788 2532 882 2558 nam
904 2525 993 2558 erat
1015 2524 1105 2558 tum
1121 2516 1364 2557 Rutilianus
1380 2515 1468 2568 jam
1492 2528 1614 2554 senex
1631 2546 1641 2563 ‚
1661 2513 1780 2554 Alex.

462 2609 495 2633 ‹·.
528 2598 603 2645 303
634 2596 707 2651 qui
734 2603 899 2647 tamen,
939 2611 1071 2652 quum
1104 2602 1143 2636 et
1176 2595 1265 2650 ipse
1296 2608 1379 2635 non
1409 2593 1518 2632 ultra
1549 2598 1773 2647 septuage-

459 2673 606 2713 ‚simum
653 2675 797 2716 aetatis
833 2689 990 2718 annum
1035 2675 1178 2716 vixerit
1223 2689 1258 2715 r.
1296 2672 1378 2722 34,
1418 2670 1656 2712 Alexandro
1694 2669 1774 2709 fuit
