2013 3496
888 279 936 315 123

242 407 326 445 sive
374 404 586 453 διαλέξεσι
624 418 662 453 ι,
716 419 817 458 quas
861 418 1082 444 commune
1132 415 1228 441 cum
1278 401 1359 440 illis
1409 414 1558 440 nomen

243 483 488 531 ἐπιδὲίξεων
524 485 536 505 ²
580 482 957 536 complectelmtur.
1003 480 1084 520 Sed
1129 485 1345 533 praeterea
1375 478 1425 518 ad
1462 477 1563 516 insi-

240 574 367 613 gnem
397 559 556 600 formae
595 559 920 614 argumentique
943 557 1186 598 varietatem
1216 554 1439 609 sophistica
1475 568 1562 594 sese

239 636 427 678 extendit
460 648 489 679 ³.
539 637 660 678 Unde
695 636 821 676 etiam
853 650 967 675 nunc
1002 635 1222 687 complura
1250 632 1369 674 nobis
1404 638 1564 673 servata

238 722 365 765 sunt,
411 728 507 754 cum
538 713 736 754 historica
778 713 959 766 scripta,
990 719 1079 752 tum
1121 710 1341 765 epistolae,
1382 708 1564 750 eroticae

239 791 432 842 fabulae,
481 791 589 842 alia;
629 805 738 846 quae
778 791 853 830 etsi
896 791 948 831 ah
992 790 1173 831 oratorio
1204 803 1360 845 genere
1395 787 1563 842 longius

241 869 461 919 recedant,
496 869 560 909 vel
592 869 649 909 sie
686 875 825 909 tamen
855 867 968 907 illius
1002 868 1166 907 fruetus
1196 866 1383 906 fuerunt.

299 946 457 987 Incidit
487 945 663 987 Luciani
686 953 797 986 aetas
826 945 869 985 in
897 960 944 986 ea
977 952 1193 999 tempora,
1227 944 1382 1001 quibus
1415 957 1565 984 recen-

240 1025 365 1065 tiores
395 1023 459 1063 illi
484 1022 694 1077 sophistae
732 1021 938 1078 singulari
973 1021 1133 1062 honore
1164 1020 1387 1062 florebant.
1434 1021 1562 1061 Natus

241 1110 302 1144 est
331 1103 564 1157 imperante
596 1101 863 1151 Had1·iano'‘,
889 1100 963 1156 qui
980 1098 1271 1140 munificentia
1301 1105 1341 1138 et
1372 1097 1563 1151 exemplo

241 1180 430 1221 studium
464 1180 721 1221 Graecarum
762 1179 1008 1228 literarum,
1045 1185 1086 1217 et
1130 1192 1224 1218 vero
1262 1174 1393 1229 hujus
1436 1175 1563 1216 studii

241 1258 512 1314 sophisticam
540 1257 849 1299 affectationem
877 1256 1147 1297 vehementer
1168 1254 1378 1309 promovit
1410 1253 1439 1294 ⁵.
1487 1254 1561 1295 Ju-

243 1351 345 1377 vene
376 1343 516 1376 autem
543 1343 683 1376 nostro
708 1334 883 1375 Athenis
918 1349 1072 1374 nomen
1099 1332 1310 1387 sophistae
1337 1331 1561 1386 splendido

240 1414 412 1470 ingenio
452 1413 784 1469 ingentibusque
817 1412 974 1453 divitiis
1014 1410 1199 1451 Herodes
1226 1410 1392 1450 Atticus
1429 1408 1559 1449 hone-

239 1492 386 1533 stabat.
423 1490 555 1531 Urbes
586 1490 753 1540 Ioniae‚
794 1489 981 1543 Ephesus
1004 1488 1184 1528 maxime
1205 1495 1332 1544 atque
1354 1488 1527 1543 Smyrna
1548 1520 1556 1536 ‚

238 1569 343 1610 haec
371 1567 545 1625 quidem
574 1567 811 1608 Polemonis
840 1566 1084 1623 eloquentia
1112 1573 1237 1607 aucta
1259 1572 1299 1607 et
1326 1564 1531 1605 illustrata
1552 1598 1560 1611 ‚

240 1648 431 1705 undique
485 1647 770 1688 confluentem
807 1645 1074 1698 juventutem
1119 1643 1345 1699 sophistica
1392 1642 1560 1683 institu-

240 1726 354 1767 tione
394 1724 664 1778 excipiebant
685 1724 714 1764 0.
759 1723 846 1763 Sub
880 1721 1103 1762 Antoninis
1134 1721 1321 1762 Athenae
1354 1728 1394 1760 et
1428 1720 1559 1761 Roma

238 1880 327 1909 quam
357 1869 571 1899 elaboratam
603 1868 789 1896 orationem
821 1872 978 1904 opponunt
1000 1869 1304 1904 ecl-lemporanecw;
1328 1864 1562 1908 αὐτοσχέδιαι

238 1924 386 1963 μελέται
402 1931 608 1955 memorantur
628 1925 708 1963 apud
727 1923 947 1953 philostratum
966 1923 1019 1952 lib.
1039 1922 1088 1962 II,
1110 1922 1148 1961 4,
1168 1921 1183 1962 §i
1201 1919 1231 1950 2.
1260 1921 1309 1952 Ol.
1328 1932 1356 1960 p.
1376 1921 1452 1953 569.
1472 1923 1558 1952 Cous.

239 1984 259 2011 l.
283 1982 335 2022 11,
355 1981 394 2021 8,
414 1982 429 2023 ᾗ
453 1981 485 2012 2.
512 1982 561 2012 01.
586 1992 615 2020 p.
637 1980 713 2012 579.

287 2036 297 2058 l
326 2037 396 2067 vid.
418 2037 563 2067 Philostr.
585 2037 623 2067 V.
645 2036 675 2066 S.
698 2036 721 2066 1.
742 2034 774 2065 ΙΙ
788 2059 796 2074 ‚
816 2034 836 2065 3
853 2041 881 2065 et
899 2034 957 2068 27,
983 2032 1045 2075 §fi
1068 2033 1119 2063 Ol.
1136 2044 1166 2071 p.
1187 2032 1271 2073 568,
1291 2032 1367 2063 619.

282 2093 295 2110 ²
320 2087 561 2127 Ἐπιδείξεων
573 2092 695 2121 nomina
706 2114 713 2127 ‚
727 2103 834 2130 genera
850 2115 857 2129 ,
868 2097 1042 2131 argumenta
1056 2090 1170 2128 prolixe
1188 2090 1339 2120 recensuit
1349 2089 1514 2119 Cresollius
1529 2090 1558 2118 in

241 2148 360 2178 Theatr.
372 2148 461 2179 Rhet.
474 2150 496 2178 1.
508 2148 578 2187 ΙΙΙ,
597 2160 623 2179 c.
637 2147 694 2178 7-
705 2147 746 2177 10
759 2169 765 2181 ,
780 2158 807 2185 p.
819 2147 861 2177 97
873 2158 937 2187 sqq.
952 2146 1160 2175 Suasoriarum
1173 2144 1483 2175 etcontroversiarum
1503 2144 1561 2173 [2³-

240 2205 371 2235 tinarum
383 2229 391 2244 ‚
412 2211 441 2235 et
451 2205 639 2244 quarundam
651 2205 738 2234 etiam
753 2205 933 2233 Graecarum
946 2203 995 2232 M.
1007 2202 1096 2232 Ann.
1112 2202 1242 2231 Seneca
1259 2212 1295 2231 ex
1306 2200 1450 2230 memoria
1470 2201 1560 2229 innn-

239 2271 318 2291 mera
330 2261 400 2291 fecit
410 2267 548 2299 excerpta
560 2285 567 2300 ,
579 2273 594 2291 e
604 2261 715 2299 quibus
725 2260 978 2289 declamationum
989 2259 1113 2288 istarum
1124 2258 1271 2287 rationem
1284 2266 1462 2296 cognoscere
1477 2255 1543 2285 lien
1554 2277 1560 2283 .

288 2319 303 2341 ³
329 2316 417 2346 conf.
435 2316 558 2346 omnino
576 2315 754 2347 Villoisonii
773 2316 867 2354 praes.
892 2315 928 2344 ad
947 2315 1040 2353 Longi
1058 2314 1237 2344 Pastoralia.

284 2372 302 2396 4
326 2374 416 2404 Conf.
438 2373 542 2405 adnot.
563 2373 588 2402 Ι.
601 2373 638 2402 ad
654 2373 742 2402 finem
759 2371 990 2401 dissertationis.

287 2432 298 2452 5
326 2429 398 2460 Vid.
419 2429 488 2461 Ael.
508 2428 658 2468 Spartian.
678 2429 709 2458 in
733 2427 889 2466 Adriano,
910 2438 936 2457 c.
959 2426 973 2457 l
991 2450 999 2465 ,
1024 2425 1063 2457 15
1078 2451 1085 2465 ‚
1108 2425 1160 2456 16.
1186 2426 1283 2465 Ipsius
1303 2425 1451 2464 μελέται
1482 2427 1561 2457 Ph«.-

237 2488 279 2516 tin
298 2487 446 2525 perlectae
462 2487 600 2515 fuerunt.
626 2485 756 2525 Myriob.
776 2484 849 2517 Cod.
869 2484 902 2514 C.

284 2541 298 2563 ὅ
323 2543 412 2572 Conf.
432 2541 577 2571 philostr.
596 2541 634 2571 V.
655 2541 684 2570 S.
708 2541 729 2573 1.
748 2540 763 2570 1
780 2539 841 2576 ,21
856 2564 863 2578 ‚
882 2539 897 2580 xj
917 2539 948 2569 5.
976 2540 1025 2568 01.
1045 2550 1071 2577 p.
1093 2537 1160 2568 518
1188 2545 1217 2567 et
1245 2539 1280 2567 ‹le
1299 2538 1461 2568 Polemone
1481 2539 1503 2569 1.
1523 2539 1558 2575 ῐ,

237 2596 298 2635 25,
318 2595 376 2638 §.2
399 2597 448 2628 Ol.
470 2608 498 2636 p.
519 2595 735 2635 531--porr0
763 2596 785 2625 1.
807 2595 914 2635 I‚2l‚
939 2594 1002 2637 §3
1030 2595 1079 2625 Ol.
1098 2606 1127 2633 p.
1155 2592 1240 2624 516:
1265 2592 1378 2635 πάσης
1402 2593 1469 2636 γὰρ
1496 2596 1560 2634 τῆς

237 2648 379 2689 ’Ῑωνίας
403 2647 472 2684 οἷον
505 2652 666 2691 μουσείου
693 2650 963 2692 πεπολισμένης,
1003 2649 1226 2693 ἀρτιοιτάτην
1262 2648 1381 2690 ἐπέχει
1408 2647 1506 2683 τάξιν
1535 2651 1556 2689 τ’]

240 2707 409 2751 Σμύρνα,
438 2707 607 2750 καθάπερ
634 2706 669 2737 ἒν
696 2710 769 2742 τοῖς
797 2705 953 2749 ὀργάνοις
973 2705 994 2746 ἦ
1017 2705 1150 2745 μαγάς,
1170 2711 1200 2734 et
1220 2705 1242 2735 l.
1264 2704 1294 2734 ΙΙ
1308 2728 1316 2743 ,
1336 2702 1399 2743 26,
1418 2702 1476 2746 §2‚
1504 2706 1553 2734 01.

241 2776 267 2803 p.
288 2763 370 2804 (313,
393 2763 532 2795 &iovem
556 2763 602 2804 δὴ
627 2761 778 2800 μάλιστα
800 2761 932 2793 πόλεων
952 2766 1026 2797 ταῖς
1050 2760 1115 2791 ’ὧν
1136 2758 1303 2797 σοφιστῶν
1324 2760 1478 2799 μούσαις.
