2013 3496
1089 200 1142 240 54

453 324 528 366 sibi
557 340 746 367 caussam
780 328 906 367 fuisse
934 327 1137 376 affirmat,
1164 344 1240 369 cur
1270 330 1431 370 deserta
1458 331 1528 371 illa
1557 331 1608 371 ad
1636 331 1775 373 Dialo—

455 420 555 459 guni
589 420 631 446 se
664 406 903 459 recepisset.

511 484 693 539 Longius
713 484 889 539 quidem
913 486 1128 528 aberraret
1150 488 1280 528 oratio
1306 487 1358 527 al)
1385 502 1458 538 co,
1487 487 1600 542 quod
1622 502 1776 544 propo-

451 563 574 602 situm
604 569 692 618 est,
724 563 757 603 si
783 563 1062 618 comprobare
1093 563 1435 615 institueremus,
1462 580 1590 622 quam
1620 566 1775 621 plenis-

451 642 552 681 simo
586 654 660 680 suo
681 639 781 693 jure
808 640 919 682 hanc
945 643 1046 683 artis
1071 657 1169 684 suae
1195 644 1396 684 rivalibus
1417 643 1626 684 Lucianus
1655 645 1775 686 incu-

450 719 652 760 sationem
700 719 958 771 intenderit,
1001 729 1312 773 verumtamen,
1353 723 1404 764 ad
1445 723 1776 779 intelligendum

449 797 551 853 quid
589 799 770 840 maxime
807 799 855 841 ea
882 800 1064 841 voluerit
1082 834 1092 851 ‚
1119 815 1204 842 non
1232 799 1517 855 injucundum
1545 802 1597 842 sit
1637 802 1775 856 ipsum

448 875 710 917 festivissima
737 877 970 919 acerbitate
1006 880 1256 920 sententiam
1293 894 1409 919 suani
1443 879 1495 920 de
1525 880 1775 935 aequalibus

452 951 690 997 rhetoribus
726 954 1008 1009 explicantem
1043 955 1216 1005 audire,
1260 957 1302 997 in
1335 956 1587 998 Rhetorum
1623 956 1769 998 Prae-

446 1037 631 1086 eeptore.
664 1031 946 1087 Agnoscimus
972 1033 1204 1075 Lucianum
1232 1035 1273 1075 in
1301 1050 1349 1076 co
1384 1035 1530 1076 libello
1559 1035 1773 1077 interdum

445 1110 625 1151 illudere
657 1110 946 1164 peculiaribus
976 1111 1101 1152 rebus
1137 1113 1241 1153 certi
1270 1113 1452 1166 alicujus
1493 1113 1702 1168 sophistae
1734 1112 1769 1164 ¹,

443 1202 570 1245 quem
618 1187 849 1228 lectoribus
900 1189 1031 1243 ipsius
1079 1191 1224 1231 aetatis
1267 1191 1377 1232 inter
1419 1191 1521 1232 alios
1577 1192 1772 1234 distincte

441 1267 737 1322 descripserit;
766 1273 894 1323 atque
920 1274 1003 1309 tam
1033 1268 1259 1310 immanem
1285 1284 1451 1311 morum
1478 1271 1773 1326 impuritatem

442 1347 486 1386 in
514 1343 644 1399 hujus
676 1345 867 1400 exemplo
906 1345 1061 1387 rhetori
1091 1348 1373 1389 necessariam
1404 1363 1492 1390 esse
1525 1349 1770 1404 praedicat,

442 1430 490 1463 ut
517 1423 597 1463 nisi
628 1422 850 1476 eujusdam
879 1425 1030 1475 unius,
1073 1433 1188 1467 certe
1224 1428 1443 1483 vulgarem
1488 1427 1772 1482 sophistarum

442 1502 658 1555 pravitatis
688 1501 858 1542 modum
885 1501 990 1543 haee
1021 1503 1195 1559 quidem
1226 1505 1395 1561 longius
1416 1507 1639 1548 excessisse
1671 1521 1770 1548 cen-

443 1579 570 1621 senda
607 1580 672 1620 sit.
717 1580 852 1620 Simul
879 1595 977 1622 vero
1020 1582 1122 1622 alios
1157 1583 1302 1637 plures
1343 1584 1456 1624 illius
1490 1585 1644 1626 similes
1679 1601 1767 1627 esse

441 1659 677 1715 significum
705 1667 745 1699 et
767 1667 912 1714 aperte
931 1661 974 1701 in
999 1660 1120 1701 illum
1138 1662 1257 1718 quasi
1284 1662 1327 1703 in
1354 1663 1591 1717 perfectum
1619 1677 1766 1719 quem-

439 1739 535 1779 dam
565 1742 700 1781 ‘cii'rcov
729 1754 774 1780 ea
807 1740 940 1780 ferme
969 1741 1134 1781 confert
1164 1749 1205 1782 et
1236 1743 1448 1794 cumulat,
1473 1757 1583 1798 quae
1611 1743 1767 1798 passim

438 1817 721 1872 pessimorum
747 1818 847 1858 artis
879 1833 979 1859 snae
1007 1819 1219 1860 sociorum
1241 1821 1337 1861 vitia
1366 1836 1453 1862 csse
1479 1822 1765 1877 comperisset.

437 1896 615 1951 Scripsit
644 1903 785 1937 autem
809 1896 1002 1938 libellum
1026 1912 1070 1938 ea
1097 1898 1184 1951 ipsa
1210 1905 1370 1946 aetate,
1399 1914 1482 1954 qua
1511 1907 1644 1940 artem
1671 1899 1766 1942 rhe-

484 2114 496 2130 ¹
522 2109 737 2151 Διόσκουρον
764 2110 813 2138 iel
843 2110 1100 2153 Διοοκοινρίόην
1142 2112 1238 2151 (cons.
1267 2111 1327 2143 Rh.
1360 2112 1408 2141 Pr.
1441 2122 1466 2141 c.
1495 2110 1551 2153 24)
1581 2113 1766 2151 appellatum

440 2166 534 2195 fuisse
555 2165 638 2194 huuc
658 2165 823 2203 sophistam
843 2165 1011 2195 Palmerius
1028 2172 1056 2195 et
1077 2166 1320 2197 Hemsterhusius
1339 2172 1545 2201 censuerunt3
1568 2167 1630 2197 vid.
1652 2167 1766 2198 Hemst.

443 2221 541 2250 praef.
563 2221 600 2249 ad
619 2220 795 2259 Pollucem,
817 2231 846 2259 pa
866 2220 920 2260 31,
942 2220 994 2251 32.
1020 2222 1174 2262 Singulari
1193 2229 1313 2262 autem,
1345 2234 1433 2261 quam
1454 2234 1536 2261 supr.
1552 2223 1743 2253 laudavimus
1757 2248 1765 2261 ,

439 2277 703 2316 vonimentatione,
725 2276 839 2307 Pollux
855 2284 883 2307 et
903 2278 976 2308 Luc.
999 2278 1143 2316 inscripta
1156 2302 1164 2317 ‚
1177 2279 1244 2309 Car.
1258 2278 1345 2310 Fen-d.
1367 2278 1506 2308 Rankius
1520 2279 1615 2308 tuitus
1633 2284 1678 2308 est
1696 2290 1766 2309 sen-

437 2333 560 2362 tentiam
591 2333 778 2363 Scholiastae
808 2335 964 2373 probatam
995 2335 1047 2372 (ad
1075 2334 1158 2364 titul.
1188 2340 1215 2363 et
1242 2346 1268 2364 (·.
1296 2333 1368 2375 24);
1404 2335 1562 2364 Pollucem
1587 2335 1765 2365 onomastiei

439 2389 613 2428 *criptm-em
632 2389 663 2418 in
694 2388 751 2418 Rh.
775 2389 825 2420 Pr.
850 2391 968 2425 notari3
993 2391 1024 2420 in
1045 2402 1134 2430 quam
1157 2403 1295 2422 caussam
1316 2398 1435 2422 tantum
1457 2392 1494 2421 ab
1514 2398 1635 2422 auctore
1655 2392 1765 2423 doctri-

435 2457 489 2474 nae
518 2452 547 2475 et
569 2445 743 2484 disputandi
765 2446 904 2476 solertiae
932 2447 1137 2484 depromptum
1164 2454 1203 2476 est
1219 2471 1226 2484 ,
1249 2454 1281 2476 ut
1301 2447 1418 2477 etiamsi
1442 2448 1575 2477 nondum
1604 2448 1695 2485 plane
1715 2448 1765 2478 de-

434 2502 610 2539 ›pm-andum
639 2502 677 2531 sit
702 2503 737 2531 de
767 2503 910 2532 infamiae
940 2504 995 2532 ista
1024 2510 1094 2532 nota
1124 2516 1139 2532 a
1164 2504 1289 2534 Pomm-<2
1312 2504 1511 2535 removenda,
1533 2509 1630 2532 tamen
1654 2505 1762 2533 merito

432 2559 606 2596 vapularet,
628 2557 680 2598 qui
701 2558 768 2596 ejus
791 2569 927 2588 caussam
951 2559 986 2589 ἓν
1005 2559 1167 2602 παρέργῳ
1181 2584 1187 2590 .
1207 2562 1382 2600 susciperet.

482 2631 495 2646 2
522 2630 611 2660 Rhci.
646 2632 745 2662 praec.
779 2645 803 2662 c.
841 2632 888 2663 ll.
922 2631 1082 2673 ἕῦρῆοεις
1113 2631 1263 2664 :milost-
1290 2631 1351 2671 μὲν
1374 2633 1431 2664 καὶ
1460 2631 1594 2669 ἀλλοις,
1620 2645 1647 2664 κ.
1672 2646 1703 2665 τι
1728 2633 1756 2663 1⁴..

429 2687 508 2716 runs.
534 2698 559 2715 ε’.
587 2685 616 2717 8.
