2013 3496
1088 185 1143 225 64

450 315 562 369 apud
597 314 794 371 aequales
831 314 941 353 inter
978 312 1086 366 ipsos
1118 313 1331 367 principes
1363 313 1643 368 sophistarum
1677 329 1773 355 ven·

452 400 628 434 seretur.
677 391 978 441 Philostratus,
1005 405 1137 448 quum
1177 390 1319 445 paullo
1356 398 1448 444 post
1478 391 1567 443 ejus
1594 399 1774 432 aetatem

449 468 735 523 sophistarum
778 468 880 508 ritas
915 467 1148 517 scriberet,
1182 482 1233 507 nc
1277 467 1403 507 verbo
1448 468 1620 522 quidem
1666 469 1781 508 illius

448 546 706 587 mentionem
743 545 859 587 fecit.
905 544 1112 586 Invidiam
1143 544 1316 599 quidem
1344 558 1418 598 pro
1452 552 1568 599 parte
1596 545 1778 602 quadam

450 623 574 677 liujus
611 624 765 665 silentii
795 637 985 665 caussam
1014 624 1140 663 fuisse
1161 656 1170 673 ,
1205 638 1290 664 non
1321 622 1502 676 injuria,
1536 631 1666 678 puto,
1713 637 1777 664 vv.

448 701 520 744 dd.
545 702 745 757 suspicati
772 703 918 743 sunt¹.
966 702 1068 742 Nam
1113 700 1163 741 de
1205 701 1387 741 oratoria
1433 701 1607 741 Luciani
1652 700 1777 742 laude

449 788 668 836 uteunque
711 779 783 820 ille
825 779 1096 829 existimarit,
1144 792 1377 819 memorare
1409 778 1556 819 saltem
1605 786 1777 833 propter

448 859 601 913 scripta
630 871 726 898 eum
750 857 923 908 debuit,
962 871 1046 897 non
1072 856 1210 896 minus
1233 871 1272 897 v.
1300 871 1337 897 c.
1373 870 1499 913 quam
1517 854 1767 907 Aelianum,

449 937 501 977 (lo
543 951 632 995 quo
680 935 850 987 retulit,
894 936 1034 990 ipsum
1071 935 1272 985 sensisse,
1310 950 1351 976 se
1391 935 1775 977 declamationibus

448 1015 586 1055 minus
626 1014 766 1055 valere
798 1021 838 1054 et
877 1028 969 1054 eam
1003 1013 1056 1053 ob
1101 1027 1289 1054 caussam
1331 1013 1381 1054 ad
1412 1012 1686 1054 scribendum
1731 1028 1774 1053 se

448 1094 676 1134 contulisse
706 1099 736 1133 ².
779 1091 1084 1133 Verumtamen
1116 1105 1307 1141 rursum,
1337 1106 1446 1147 quae
1477 1091 1530 1132 ab
1558 1092 1648 1146 ipso
1694 1092 1776 1131 Lu-

447 1172 568 1212 ciano
615 1170 667 1212 de
701 1184 904 1225 prospero
950 1168 1040 1223 ejus
1084 1170 1128 1210 in
1171 1175 1261 1209 arte
1301 1169 1536 1209 exercenda
1577 1183 1774 1210 successu

448 1250 714 1304 accepimus:
766 1248 810 1289 in
858 1247 995 1289 Gallia
1033 1262 1129 1288 euni
1176 1247 1302 1287 fuisse
1348 1247 1391 1286 in
1437 1245 1658 1301 sophistis,
1703 1247 1777 1301 qui

449 1330 648 1370 maximas
673 1326 891 1368 mercedes
921 1326 1097 1381 publice
1128 1325 1369 1375 traherent,
1404 1333 1444 1366 et
1466 1332 1565 1366 ante
1587 1324 1770 1379 quadra-

449 1408 655 1463 gesimum
698 1406 842 1448 aetatis
880 1419 1037 1446 annum
1077 1411 1241 1444 tantum
1285 1403 1482 1444 fortunae
1525 1411 1564 1444 et
1607 1403 1770 1459 gloriae

447 1486 670 1535 habuisse,
717 1491 924 1541 quantum
968 1482 1047 1536 ipsi
1086 1483 1182 1523 satis
1222 1496 1310 1522 esse
1349 1480 1563 1521 rideretur
1594 1485 1634 1535 ³,
1668 1479 1772 1521 baec

446 1564 616 1604 omnino
646 1577 731 1604 non
765 1560 972 1615 ejusmodi
1001 1567 1120 1611 sunt,
1149 1567 1195 1600 ut
1213 1560 1449 1614 comparari
1472 1559 1653 1613 possint,
1678 1572 1776 1599 cum

445 1643 604 1683 eximiis
639 1640 894 1689 honoribus,
933 1639 1090 1694 quibus
1118 1638 1339 1695 plerique,
1366 1637 1440 1694 qui
1465 1651 1487 1675 a
1516 1635 1766 1678 Philostrato

444 1728 752 1771 memorantur,
785 1718 993 1774 sophistae
1019 1725 1192 1772 propter
1212 1716 1515 1773 panegyricam
1546 1716 1589 1755 in
1621 1716 1766 1769 primis

446 1800 734 1855 eloquentiam
775 1798 820 1838 in
853 1797 995 1846 Ionia,
1029 1795 1228 1845 Graecia,
1273 1796 1520 1848 Romaeque
1566 1793 1772 1834 celebrati

445 1878 578 1919 fuere.
596 1878 687 1918 Non
701 1889 922 1931 possumus
940 1873 1178 1927 dijudicare
1197 1871 1351 1928 ecquid
1371 1871 1580 1912 Lucianus
1599 1885 1666 1911 eas
1685 1885 1772 1911 ora-

445 1955 782 1997 toriashabuerit
796 1954 986 2001 virtutes,
1015 1952 1186 2007 quibus,
1213 1952 1245 1992 si
1259 1951 1417 1992 diutius
1446 1950 1490 1990 in
1512 1949 1770 2004 professione

446 2034 724 2089 perstitisset,
756 2033 882 2074 facite
908 2032 945 2072 ei
970 2032 1117 2072 suisset
1148 2030 1199 2072 ad
1234 2044 1324 2070 eam
1358 2029 1648 2070 celebritatem
1670 2043 1767 2083 per-

497 2249 507 2266 1
539 2245 644 2274 Solan.
675 2244 745 2274 adn.
777 2243 824 2273 ad.
851 2242 909 2271 Pro
938 2242 1028 2271 More.
1059 2241 1154 2271 Cond.
1182 2252 1208 2270 c.
1237 2239 1288 2270 15.
1314 2240 1411 2270 Wiel.
1436 2239 1491 2269 Th.
1513 2239 1548 2278 I,
1575 2240 1606 2269 S.
1633 2239 1771 2269 X-Xl!

446 2302 583 2332 Invidiae
602 2307 681 2330 certe
702 2310 809 2329 caussa
832 2298 864 2327 in
884 2305 1021 2336 promptu
1039 2304 1082 2327 est
1096 2321 1104 2336 ,
1123 2308 1214 2336 quum
1234 2296 1361 2335 scriptor
1373 2297 1411 2326 V.
1426 2296 1518 2334 Soph.
1539 2295 1647 2334 passim
1671 2306 1772 2333 super-

443 2359 593 2388 stitiosum
613 2368 642 2386 se
659 2356 809 2386 hominem
828 2355 944 2393 prodit,
965 2361 993 2383 et
1011 2365 1081 2383 vero
1103 2355 1124 2386 l.
1148 2353 1202 2392 11,
1224 2352 1245 2383 5
1259 2377 1267 2392 ,
1291 2353 1306 2394 s)
1328 2351 1357 2382 1.
1386 2352 1435 2381 Ol.
1455 2363 1484 2390 p,
1509 2350 1594 2389 570,
1615 2362 1645 2380 se
1665 2357 1774 2381 aucto-

445 2426 506 2444 rem
535 2425 598 2444 esse
626 2414 706 2443 vitae
727 2410 888 2450 Apollonii
906 2410 1117 2450 ThyanensiS,
1142 2421 1229 2449 quem
1253 2409 1325 2440 Luc.
1357 2419 1424 2438 cum
1451 2413 1603 2438 contemtu
1627 2418 1773 2437 memora-

447 2477 542 2509 verat,
561 2470 592 2499 in
605 2469 693 2499 Alex.
715 2479 739 2498 s.
755 2468 914 2497 Pseudom.
934 2465 1005 2497 c.(i.
1024 2467 1112 2496 Cons.
1134 2466 1236 2496 Olear.
1257 2466 1384 2503 praefat.
1406 2476 1434 2503 p.
1449 2464 1497 2494 III
1509 2474 1574 2502 sqq.
1596 2464 1771 2503 cujusdisp.

448 2527 585 2566 probavit
603 2527 636 2556 C.
656 2526 689 2556 L.
717 2525 845 2564 Kayser,
870 2523 901 2552 in
923 2523 1018 2561 praef.
1040 2523 1077 2552 ad
1093 2523 1140 2552 ed.
1158 2523 1196 2555 V,
1218 2522 1309 2560 soph.
1334 2519 1440 2560 1838,
1462 2531 1489 2558 p.
1509 2518 1642 2548 XXYH.

496 2607 509 2622 ὲ
536 2601 681 2629 Philostr.
702 2599 740 2628 V.
760 2598 851 2636 Soph.
871 2599 893 2627 l.
915 2597 964 2637 ll,
989 2596 1029 2627 31
1048 2621 1055 2636 ‚
1082 2598 1098 2638 (x
1117 2597 1146 2628 l.
1175 2598 1224 2627 Ol.
1245 2607 1273 2635 p.
1293 2594 1369 2625 (324.

496 2682 508 2699 >⁴
539 2677 594 2705 Pro
617 2676 705 2705 Merv.
729 2675 822 2704 cond.
843 2686 867 2704 c.
891 2674 950 2709 153
972 2674 1022 2704 Bis
1044 2674 1114 2703 Ace.
1136 2686 1160 2704 c.
1182 2672 1245 2713 28,
1267 2671 1319 2703 32.
