2013 3496
1095 181 1146 219 32

445 311 630 352 solennia
682 308 1059 349 controversiarum
1100 313 1347 363 argumenta
1379 308 1551 348 suerunt
1589 315 1629 358 ¹,
1672 322 1768 349 ven-

450 399 560 431 tosae
606 394 644 427 et
680 387 867 435 enormi,
906 400 1032 442 quam
1070 386 1289 425 Petronius
1331 385 1583 439 appellavit,
1628 385 1770 427 decla-

447 474 654 508 matorum
673 463 919 519 loquacitati
934 463 976 502 in
994 463 1138 516 primis
1153 469 1388 516 opportuna
1406 465 1620 513 materiem,
1643 477 1767 520 quam

453 553 591 585 tamen
619 556 716 582 cum
744 548 833 581 arte
873 547 913 581 et
948 541 1155 594 elegantia
1197 546 1475 593 pertractasse
1503 540 1712 582 Lucianus
1748 556 1768 580 a

451 622 546 662 viris
570 620 702 661 doctis
727 626 923 660 censetur
946 619 974 659 ².
1010 616 1199 658 Phalaris
1233 617 1420 672 denique
1447 618 1692 660 referendus
1719 620 1770 660 ad

448 701 538 740 illas
587 698 767 747 ἀδόξους
813 696 897 736 sive
941 698 1129 751 πονηρὰς
1167 696 1395 743 ὑποθέσεις
1434 693 1448 714 ³

1462 729 1472 746 ,
1529 697 1572 736 in
1618 697 1772 754 quibus

446 778 534 831 ipsa
550 776 733 817 deterior
752 789 895 815 caussa
915 774 1121 815 oratoriae
1140 773 1350 814 facultatis
1375 773 1545 814 laudem
1572 776 1771 831 augebat.

448 857 495 895 ln
532 855 701 909 priore,
744 853 924 894 famosus
961 852 1294 907 Agrigentorum
1332 852 1552 907 Tyrannus
1593 867 1770 894 aeneum

449 948 571 997 suum
592 940 760 973 taurum
792 930 974 985 Delphos
1009 930 1229 971 donarium
1261 930 1414 975 mittit.
1440 937 1480 970 et
1507 945 1580 984 per
1611 931 1772 987 legatos

448 1013 503 1052 ita
542 1027 564 1052 a
605 1009 866 1050 crudelitatis
912 1008 1038 1062 culpa
1073 1023 1115 1048 se
1164 1008 1348 1052 liberat.
1390 1014 1436 1047 ut
1477 1014 1639 1049 tantum
1688 1024 1773 1051 non

449 1089 797 1130 humanissimum
840 1086 1083 1126 mortalium
1136 1100 1231 1125 eum
1277 1099 1366 1126 esse
1407 1094 1607 1139 appareat
1643 1085 1681 1138 '¹3
1730 1088 1771 1127 iu

447 1168 579 1208 altero
596 1200 606 1218 ‚
633 1165 895 1221 Delphorum
919 1164 1091 1220 quidam
1114 1163 1306 1206 sacerdos
1325 1165 1551 1206 suasoriam
1570 1163 1674 1204 dicit
1697 1178 1774 1218 pro

447 1244 696 1299 accipiendo
727 1244 851 1286 dono.

512 1328 561 1367 In
589 1325 671 1366 alio
703 1330 919 1379 praeterea
955 1336 1133 1377 genere,
1166 1336 1249 1362 non
1278 1321 1454 1376 perinde
1471 1321 1772 1363 declamatorio

449 1406 520 1448 sed
571 1403 779 1460 exquisite
822 1408 962 1442 tamen
1018 1398 1272 1454 sophistice,
1322 1399 1530 1440 calamum
1564 1399 1775 1440 Lucianus

450 1483 666 1533 exercuit,
706 1495 857 1535 nempe
904 1493 988 1536 quo
1032 1478 1233 1534 exiguum
1278 1484 1351 1518 aut
1386 1477 1510 1519 futile
1557 1477 1774 1533 negotium

448 1562 611 1605 facetiis
654 1567 782 1616 atque
830 1556 1059 1614 pigmentis
1106 1555 1384 1596 adornaretur
1430 1555 1482 1597 ad
1520 1555 1773 1596 rhetoricam

449 1640 753 1681 recitationem.
787 1638 940 1678 Fuerat
965 1635 1197 1692 antiquitus
1214 1633 1301 1687 jam
1321 1635 1363 1675 in
1387 1635 1461 1675 illo
1494 1632 1773 1688 sophistarum

447 1719 634 1760 studium
661 1717 843 1772 positum
864 1748 874 1765 ,
890 1729 970 1756 nec
1000 1713 1236 1755 recentiore
1255 1720 1442 1766 tempore
1465 1712 1621 1765 optima
1643 1724 1774 1766 quae-

449 1797 543 1838 dam
580 1795 752 1851 ingenia
785 1792 895 1834 illud
935 1798 1157 1846 aspernata
1198 1791 1394 1842 fuerunt3
1444 1790 1507 1830 uti
1543 1789 1587 1830 in
1631 1788 1775 1829 Dionis

449 1874 731 1933 Chrysostomi
772 1871 1010 1927 sophisticis
1059 1869 1226 1924 seriptis
1264 1865 1279 1886 ⁵
1320 1866 1499 1910 Culicis
1535 1865 1772 1908 encomium

495 2024 508 2046 1
534 2024 605 2054 Vid.
624 2022 842 2063 Tyrannicidas
860 2022 939 2060 apud
956 2021 996 2050 Μ.
1019 2021 1101 2049 Anu.
1123 2019 1276 2048 Senecam.
1298 2017 1320 2046 l.
1341 2016 1367 2055 I,
1388 2022 1484 2046 contr.
1505 2015 1544 2051 73
1567 2014 1632 2044 l.11
1657 2025 1683 2044 c.
1712 2012 1770 2046 13;

448 2087 478 2110 et
500 2080 637 2117 Excerpt.
657 2078 821 2109 Declamat.
843 2077 866 2108 l.
890 2077 956 2111 ΙΙΙ,
977 2082 1074 2106 contr.
1095 2074 1132 2107 ὃς
1147 2075 1168 2104 l.
1189 2074 1252 2112 IV,
1273 2085 1299 2103 c.
1324 2072 1353 2103 7.
1387 2072 1468 2101 Dial.
1492 2071 1528 2100 de
1557 2070 1656 2100 Oratt.
1676 2081 1702 2099 c.
1721 2067 1775 2099 35.

452 2149 467 2165 «
478 2134 746 2176 Tyrannicidarum
758 2132 959 2171 praemia-aut
970 2131 1117 2171 quidquid
1129 2131 1158 2159 in
1170 2130 1273 2159 schola
1285 2128 1408 2159 cottidie
1426 2127 1555 2167 agitur.»
1569 2126 1640 2156 Luc.
1652 2126 1688 2156 de
1698 2125 1775 2154 Salt.

448 2204 473 2222 c.
496 2190 558 2229 65,
581 2189 652 2220 ’τῶν
673 2187 834 2227 μελετῶν
855 2185 1232 2230 πρόσωπτι-ἀριστὸἶς,
1254 2186 1273 2224 vj
1296 2180 1564 2226 τυραννοκτόνοι
1581 2192 1610 2211 κ.
1631 2192 1664 2211 τ.
1682 2178 1713 2210 λ.

494 2260 509 2283 2
534 2255 671 2293 Impense
696 2252 914 2293 Tyrannicidae
939 2257 967 2281 et
987 2251 1146 2289 utriusque
1176 2249 1347 2279 Phalaridis
1377 2254 1471 2278 artem
1498 2244 1669 2275 dilaudas-it
1685 2244 1773 2274 Wie—

449 2312 558 2342 landns
571 2334 579 2350 ,
596 2310 653 2339 Th.
671 2309 716 2338 VI
731 2333 738 2348 ‚
757 2309 786 2338 S.
808 2307 888 2346 245,
915 2307 989 2338 303.
1018 2306 1250 2345 Tyrannicidam
1265 2315 1383 2344 qnoque
1396 2309 1467 2333 sunt
1479 2301 1617 2332 admirati
1632 2301 1774 2330 Erasmus

451 2375 481 2398 et
501 2368 606 2398 Thom.
628 2366 748 2405 Morus,
773 2366 824 2404 qni
844 2365 960 2395 Latinis
981 2364 1252 2393 declamationibus
1272 2362 1440 2392 Lucianeae
1450 2359 1686 2399 responderunt,
1700 2368 1775 2397 quas

450 2425 511 2457 vid,
532 2424 563 2453 in
591 2421 716 2452 Luciani
737 2421 878 2460 quibusd.
894 2420 1008 2450 libellis
1022 2444 1029 2458 ,
1042 2420 1166 2449 Erasmo
1181 2420 1337 2457 interpret.
1356 2417 1452 2447 Basil.
1467 2414 1562 2446 1517.
1584 2425 1632 2452 ap.
1643 2413 1772 2443 Froben.

496 2488 511 2512 3
533 2490 644 2529 Quales
669 2489 730 2518 vid.
757 2489 837 2527 apud
862 2488 989 2518 Cresoll.
1017 2488 1048 2516 in
1078 2487 1198 2516 Theatr.
1228 2486 1317 2515 Rhot.
1340 2485 1362 2514 l.
1382 2483 1453 2522 III,
1472 2494 1497 2512 c.
1518 2481 1550 2514 9,
1573 2492 1600 2519 p.
1625 2479 1686 2510 104
1707 2490 1772 2518 sqq.

496 2552 514 2573 ⁴
542 2555 611 2584 vid.
632 2554 755 2584 Phalar.
775 2565 819 2592 pr.
842 2565 867 2583 c.
888 2553 927 2586 6,
947 2552 978 2582 8.

496 2616 511 2637 5
543 2618 660 2657 Synesii
682 2618 770 2648 Dion.
801 2619 831 2647 in
852 2618 942 2647 Dion.
973 2617 1070 2646 Oratt.
1089 2616 1134 2644 ed.
1159 2614 1268 2644 Reiske
1282 2638 1288 2652 e
1304 2613 1374 2642 Vol.
1390 2612 1401 2640 l
1415 2635 1423 2649 9
1439 2622 1467 2649 p.
1482 2609 1534 2640 19.
1563 2609 1656 2638 Etiam
1669 2607 1774 2647 psitta-

454 2684 519 2702 cum
542 2674 675 2702 laudavit
695 2673 792 2713 Dm,
821 2673 925 2713 Synes.
949 2684 975 2711 p.
1000 2672 1059 2702 l3.
1079 2671 1129 2701 l.').
1150 2671 1243 2711 Quam
1269 2670 1318 2698 nbi
1346 2672 1486 2698 memmae
1509 2665 1653 2694 Philostr.
1674 2664 1711 2693 Υ.
1735 2663 1764 2693 S.
