2013 3496
855 232 906 270 413

288 361 727 403 Aniuladverteutibus
770 376 865 402 vero
910 360 1039 413 ips-ain
1098 359 1334 415 argumenti
1375 366 1538 413 pertra-

226 439 479 489 ctationem,
513 454 621 494 quae
652 438 821 480 omnino
845 438 1025 478 refertur
1052 437 1103 478 ad
1138 452 1231 478 eum
1268 438 1424 478 liberae
1460 442 1539 477 re‘1'-

225 517 422 571 publicae
445 524 615 567 statum,
648 517 768 570 cujus
798 517 1033 557 recentiora
1064 524 1252 570 tempora
1279 515 1384 556 nihil
1412 515 1537 570 quid-

224 608 350 648 quam
370 602 534 648 praeter
555 594 746 635 umbram
773 594 1061 649 reliquerant,
1085 608 1217 650 quum
1248 593 1365 634 nulla
1387 592 1539 633 horum

227 672 507 712 recentiorum
554 680 788 725 temporum
833 685 929 712 cum
966 679 1104 712 vetere
1142 671 1337 712 libertate
1370 684 1540 725 compa-

227 749 330 790 ratio
344 749 601 800 instituatur,
618 749 977 804 cernentibusque
995 757 1128 789 totum
1146 747 1340 790 habitum
1358 748 1538 804 dialogi,

224 826 265 866 in
313 840 397 883 quo
440 826 673 867 rhetoricus
716 826 887 882 quidam
936 833 1105 866 ornatus
1148 841 1232 867 non
1273 833 1408 880 potest
1456 840 1539 866 non

224 904 395 960 agnosci
421 904 453 957 ¹,
488 904 653 960 liquere
702 904 822 944 nobis
865 903 1052 954 videtur,
1100 904 1358 953 Luciauum,
1410 903 1453 943 in
1491 917 1538 943 eo

221 981 474 1035 scribendo,
509 982 585 1022 etsi
616 981 852 1035 peculiari,
888 995 1014 1035 quam
1038 982 1387 1030 memoravimus,
1418 996 1538 1021 usum

224 1069 457 1115 temporum
501 1061 841 1115 opportunitate,
876 1068 1015 1101 tamen
1055 1060 1219 1101 nonita
1254 1059 1458 1115 cogitasse
1489 1059 1540 1099 de

221 1154 293 1180 sua
330 1147 464 1180 aetate
504 1139 755 1195 corrigenda
794 1145 866 1180 aut
893 1139 943 1180 ad
971 1139 1188 1193 antiquam
1231 1139 1435 1179 rationem
1474 1138 1540 1178 in—

221 1216 463 1267 stauranda3
503 1217 573 1257 sed
609 1217 748 1272 potius
787 1216 1048 1271 antiquitatis
1093 1216 1233 1257 locum
1280 1216 1536 1265 illustrasse,

222 1295 264 1334 in
305 1308 389 1349 quo
423 1295 562 1335 animo
592 1303 632 1336 et
664 1303 804 1335 mente
846 1295 1029 1335 libenter
1063 1294 1388 1345 immoraretur,
1421 1302 1461 1335 et
1496 1295 1538 1335 in

220 1387 305 1428 quo
339 1373 587 1414 illustrando
609 1372 697 1427 jam
726 1374 945 1428 proprium
970 1372 1203 1414 studiorum
1217 1374 1401 1413 fructum
1417 1373 1542 1413 audi-

222 1450 381 1491 toribus
407 1459 446 1492 et
475 1452 702 1492 lectoribus
736 1460 874 1506 posset
899 1452 1131 1492 ostendere.
1157 1452 1339 1507 Reliqua
1364 1452 1539 1492 Luciani

220 1529 375 1584 scripta
396 1529 491 1570 satis
507 1530 745 1584 improbant
769 1530 1010 1584 opinionem
1031 1545 1177 1571 eorum
1194 1564 1203 1580 ‚
1232 1531 1307 1585 qui
1332 1538 1534 1580 statuant,

219 1622 315 1647 eum
353 1607 521 1648 omnino
550 1607 592 1648 id
634 1607 792 1663 egisse,
834 1615 879 1647 ut
909 1607 1022 1661 apud
1051 1608 1292 1664 aequalium
1318 1607 1535 1648 hominum

219 1699 350 1740 genus
390 1684 625 1738 juventutis
671 1685 963 1726 educationem
1000 1694 1039 1727 et
1073 1687 1379 1728 institutionem
1408 1687 1538 1727 infor—

217 1769 376 1813 1naret3
425 1763 586 1818 quique
615 1763 874 1818 peculiarem
907 1779 1077 1818 operam
1106 1764 1201 1805 ideo
1229 1779 1324 1805 eum
1350 1765 1538 1819 posuisse

216 1847 366 1893 putent
411 1840 454 1880 in
494 1841 678 1896 antiquis
718 1842 987 1898 gymnasticis
1023 1843 1394 1884 exercitationibus
1436 1857 1534 1882 suae

216 1917 341 1958 aetati
376 1918 719 1960 commendandis
740 1923 769 1961 2.

278 2073 587 2116 Demosthenis
625 2076 893 2117 Ena-omium
910 2076 1009 2131 jure
1028 2077 1288 2120 ascholiasta
1320 2086 1360 2119 et
1391 2078 1538 2132 pleris-

215 2168 300 2209 que
347 2155 632 2196 recentiorum
685 2155 964 2209 interpretum
1018 2156 1202 2197 Luciano
1246 2155 1534 2209 abjudicatum

216 2239 411 2286 putamus
445 2242 475 2274 ³.
510 2233 551 2273 Si
580 2247 657 2287 pro
688 2233 817 2273 nostri
848 2248 974 2288 opere
1004 2233 1234 2284 habeatur,
1267 2234 1536 2275 referendum

262 2367 273 2388 1
299 2369 366 2398 Jam
388 2369 486 2407 Pauly
505 2368 535 2396 in
557 2368 675 2409 Proleg.
695 2371 756 2399 suis
778 2370 799 2400 l.
823 2372 846 2400 l.
868 2382 897 2410 p.
920 2371 1048 2411 XXIII,
1082 2378 1226 2410 «propter
1254 2372 1335 2401 locos
1349 2394 1358 2410 ,
1385 2371 1436 2410 qui
1470 2371 1540 2401 rhe-

216 2423 288 2452 toris
300 2424 518 2463 quodammodo
530 2424 647 2453 scholas
659 2425 790 2463 sapiant,
801 2428 977 2465 opusculum
991 2428 1138 2465 prioribus
1151 2427 1281 2456 auctoris
1294 2427 1406 2456 libellis
1418 2427 1516 2465 potins
1525 2449 1533 2460 .

220 2490 307 2516 quam
329 2480 491 2509 serioribus
510 2481 726 2510 accensendum
740 2493 755 2510 »
774 2488 869 2519 putat.

263 2542 275 2557 -“
311 2536 397 2565 Cous,
420 2536 523 2565 adnot.
544 2536 639 2565 altera
659 2537 695 2566 ad
716 2537 804 2567 finem
824 2538 1056 2568 dissertationis.

259 2586 272 2604 7'
309 2590 408 2621 Schol.
429 2592 466 2622 ad
483 2592 566 2621 titul.
586 2591 656 2622 libr.
679 2592 808 2632 Interpr.
827 2600 941 2632 praeter
957 2605 1092 2624 recensos
1104 2596 1182 2635 apud
1194 2595 1410 2633 Lehmannum,
1423 2595 1455 2624 T.
1471 2594 1510 2623 IX
1523 2617 1530 2631 ,

221 2656 247 2683 μ.
268 2645 348 2681 429,
369 2657 418 2685 8113
434 2647 594 2677 Schulzoir.
620 2647 722 2680 1831.
752 2649 844 2678 Abth.
866 2649 915 2688 H,
940 2650 969 2679 S.
992 2649 1076 2689 596,
1098 2651 1184 2681 etiam
1207 2651 1325 2681 Schfsll.
1347 2652 1454 2681 Gesch.
1481 2652 1532 2681 der

215 2704 268 2730 Gr.
292 2702 362 2732 Litt.
383 2703 438 2732 Bd.
468 2702 518 2741 H,
548 2703 576 2733 S.
606 2702 682 2735 192:
713 2703 849 2734 Rankms
872 2706 948 2736 Poll.
971 2712 998 2736 et
1019 2706 1142 2737 Lucian.
1166 2718 1194 2746 p.
1218 2706 1276 2738 213:
1306 2709 1357 2737 W.
1378 2707 1413 2736 H.
1437 2710 1531 2737 (ta-:nv
