2013 3496
870 237 916 275 (51

239 379 311 419 per
353 371 484 404 totum
534 363 725 405 libellum
769 363 1023 404 dominatur.
1073 363 1149 402 Per
1181 362 1412 402 simulatam
1447 362 1552 403 vitu-

237 442 495 496 perationem
545 443 721 482 maxime
762 455 851 481 eam
898 439 1063 490 laudat,
1110 447 1253 494 utpote
1291 440 1370 493 ipsi
1407 439 1554 494 proba-

236 527 346 573 tam,
390 518 442 560 ab
489 519 693 576 ipsoque,
740 525 944 573 quantum
992 518 1203 567 licuisset,
1248 518 1476 572 perfectam
1526 517 1551 556 ¹.

239 596 419 651 «Atque
447 595 643 652 equidem
673 595 811 646 miser,
831 610 852 635 ›>
878 595 1042 650 inquit,
1071 611 1091 635 <‹
1108 609 1182 649 per
1209 595 1324 636 illam
1356 594 1551 644 ascendi,

240 681 339 715 «tot
366 674 573 727 susceptis
590 673 678 713 sine
707 687 853 714 caussa
870 672 1098 714 laboribus,
1127 673 1218 713 Non
1238 673 1362 722 enim,
1386 671 1555 724 juvenis

239 763 374 791 «eum
406 765 559 801 essem,
600 750 792 791 videbam
813 784 822 801 ‚
855 750 960 805 quid
995 750 1145 791 melius
1180 756 1313 800 esset,
1354 749 1426 790 sed
1459 763 1553 790 vere

240 827 419 868 «dicere
453 833 623 882 poetam
669 827 791 867 illum
835 827 1057 881 putabam,
1096 842 1143 868 ex
1181 827 1397 868 laboribus
1439 827 1551 867 nasci

240 921 261 944 «
280 905 389 947 bona
420 904 653 956 dicentem3
691 904 762 945 sed
790 919 854 944 res
886 904 945 944 sic
975 919 1017 944 se
1054 918 1139 944 non
1171 904 1387 946 habebat»
1417 905 1446 944 2.

294 984 436 1039 Longe
464 983 654 1037 profecto
690 982 901 1023 diversum
933 982 1014 1022 fuit
1045 983 1306 1039 antiquitatis
1339 982 1524 1023 studium
1544 1016 1553 1031 ,

235 1061 362 1118 quale
400 1061 608 1102 Lucianus
635 1060 856 1115 probavit,
890 1075 913 1102 a
953 1060 1140 1114 specioso
1171 1060 1270 1111 illo,
1317 1075 1400 1117 quo
1433 1061 1555 1102 etiam

237 1140 431 1197 plerique
454 1139 651 1180 levissimi
694 1139 962 1195 eloquentiae
1004 1138 1186 1179 artifices
1226 1137 1474 1194 aequalibus
1515 1152 1557 1177 se

238 1217 534 1259 commendare
571 1217 775 1259 solebant.
824 1217 967 1271 Ipsum
995 1217 1268 1272 antiquorum
1297 1216 1419 1256 illum
1455 1230 1555 1255 con-

238 1303 482 1346 temtorem,
515 1295 588 1351 qui
617 1295 799 1336 faciliori
831 1293 1083 1349 sophisticae
1113 1295 1202 1335 viae
1234 1310 1257 1335 a
1282 1302 1422 1335 nostro
1440 1308 1558 1348 prae-

237 1373 407 1424 ficitur,
442 1372 699 1426 discipulum
735 1386 857 1412 suum
883 1370 1109 1424 jubentem
1150 1372 1339 1413 videmus
1374 1372 1558 1428 antiquis

239 1451 373 1491 verbis
416 1450 492 1492 uti.
552 1450 603 1491 Et
639 1449 804 1504 saepius
847 1457 993 1491 contra
1041 1449 1251 1490 Lucianus
1292 1449 1556 1503 κακοζηλίαυ

239 1545 388 1570 eorum
422 1529 605 1579 notavit,
656 1530 730 1585 qui
760 1529 825 1569 vel
858 1543 908 1569 ex
946 1529 1219 1585 antiquorum
1247 1528 1349 1569 locis
1375 1527 1558 1583 splendi-

237 1607 310 1649 dos
339 1615 540 1649 centones
569 1607 912 1648 consarcinarent
943 1618 980 1658 ³,
1018 1607 1085 1647 vel
1122 1606 1300 1647 obscura
1334 1607 1558 1647 verborum

237 1692 443 1726 vetustate
469 1685 647 1725 orationi
673 1699 771 1726 suae
793 1684 1042 1740 dignitatem
1068 1684 1294 1726 conciliare
1319 1684 1557 1725 studerent:

238 1766 335 1812 Υτούς
360 1765 670 1818 ὑπεραττίκους
709 1760 820 1805 εἶναι
850 1764 1080 1812 ἀξιοῦντας
1116 1765 1187 1803 καὶ
1216 1766 1295 1816 τὴν
1324 1765 1470 1814 φωνὴν
1490 1764 1560 1808 ἑΐς

242 1844 294 1882 τὸ
353 1843 718 1896 ἀρχαιότατον
774 1841 1156 1897 ἀπηκριβωμένως
1187 1845 1213 1881 '¹.
1270 1840 1356 1880 Nec
1394 1840 1559 1887 30111111,

239 1919 340 1975 quia
378 1918 559 1959 ridicula
597 1933 766 1973 prorsus
810 1919 1119 1960 inconcinnitas
1161 1933 1258 1959 cum
1298 1917 1447 1972 putida
1485 1917 1559 1956 ista

238 1996 525 2038 aemulatione
558 1996 786 2050 conjuncta
823 2012 911 2037 esse
935 1997 1095 2038 solebat
1123 1999 1160 2046 ⁵,
1183 2002 1223 2037 et
1245 1996 1475 2037 sententiae
1497 1996 1558 2035 vel

238 2074 393 2115 invitae
434 2074 600 2129 provisa
642 2075 769 2116 verba
814 2075 934 2131 sequi
981 2075 1244 2130 cogebantur
1274 2080 1320 2123 ⁶,
1362 2073 1434 2114 sed
1463 2073 1561 2129 quia

292 2289 302 2307 ῐ
332 2285 398 2314 Νο11
422 2291 523 2315 tamen
551 2285 663 2316 ideirco
682 2285 751 2315 libri
770 2286 930 2315 consilium
950 2297 1009 2315 non
1030 2286 1127 2315 multo
1145 2285 1257 2325 magis,
1276 2285 1427 2315 derisione
1449 2296 1566 2323 pervor—

238 2353 288 2372 sae
301 2365 309 2380 ‚
329 2353 417 2380 quam
441 2343 697 2372 commendatione
720 2342 855 2381 propriae
875 2343 1031 2382 cujusdam
1053 2343 1180 2371 rationis
1197 2343 1375 2372 censendum
1398 2348 1453 2372 est.

289 2408 303 2427 2
331 2405 388 2437 Rh.
411 2405 460 2436 Pr.
480 2417 506 2436 0.
530 2405 561 2436 8.

299 2471 313 2490 ³
340 2469 410 2499 Vid.
430 2469 480 2498 Bis
498 2472 607 2501 Aecus.
630 2481 656 2499 0.
674 2468 735 2504 26;
763 2469 834 2500 Jov.
855 2469 998 2509 Tragood.
1025 2482 1052 2500 c.
1076 2469 1136 2510 14,
1163 2470 1203 2501 15
1221 2471 1297 2505 ίηίῑς
1319 2472 1467 2511 Quomod.
1488 2470 1566 2500 Hisi.

244 2524 368 2555 Conscr.
400 2537 426 2555 e.
450 2524 501 2555 15.

288 2591 309 2612 4
336 2589 501 2628 Lexiphan.
523 2601 549 2619 0.
573 2588 634 2628 25,
653 2588 711 2620 20:
736 2590 810 2620 Vita
829 2591 952 2620 Domon.
974 2603 1000 2620 c.
1022 2589 1081 2626 2(3;
1106 2592 1214 2631 Quom.
1239 2592 1315 2621 Hm.
1335 2594 1455 2623 consor.
1475 2594 1564 2621 eat-1.

293 2653 303 2672 5
339 2652 447 2691 Quom.
474 2652 553 2683 Hist.
577 2664 692 2681 consor.
711 2664 736 2682 c.
762 2651 822 2691 16,
846 2652 908 2685 22:
929 2653 1052 2692 Lexipli.
1075 2665 1100 2686 (τ,
1121 2654 1173 2684 ⁸25.

291 2715 308 2739 6
341 2716 447 2755 Quom.
470 2717 548 2748 Hist.
571 2718 692 2748 Conser.
714 2729 738 2747 c.
763 2717 821 2751 l5;
852 2718 973 2756 [oziph.
994 2730 1020 2749 (τ.
1040 2717 1092 2748 24.
