2013 3496
875 203 924 242 71

252 337 463 382 supertes,
494 345 531 373 c,
563 334 632 373 59.
671 329 956 372 Alexandrum
982 329 1171 370 novimus
1196 328 1320 369 etiam
1356 327 1562 382 flagrante

252 405 556 448 Marcomanico
586 408 700 449 bello
735 407 953 448 oraculum
985 406 1173 455 dedisse,
1208 413 1301 460 post
1341 405 1559 446 oraculum

253 482 460 525 Romanos
490 485 706 540 ingentem
737 484 900 527 cladem
929 499 1068 539 passos
1105 498 1215 534 esse,
1252 491 1292 525 et
1336 497 1445 537 pene
1490 495 1560 522 ca-

254 567 367 613 ptam
393 577 416 603 a
441 562 629 604 barbaris
659 563 786 604 fuisse
814 564 964 603 urbem
994 562 1261 618 Aquileiam,
1279 561 1394 601 Alex.
1417 574 1454 602 e.
1476 562 1557 609 483

254 653 422 690 verum,
457 654 589 695 quum
628 641 737 682 illud
775 641 938 682 bellum
976 640 1116 681 statim
1158 646 1351 681 secutum
1384 638 1436 679 sit
1471 645 1565 691 post

252 714 412 755 bellum
438 717 702 770 Parthicum,
732 734 770 760 a.
801 718 988 769 CLXVI,
1017 719 1053 759 J.
1092 718 1221 772 Capit.
1256 717 1299 758 in
1331 717 1381 758 M.
1410 716 1563 756 Anton.

255 805 292 834 c.
319 795 398 844 13,
431 802 471 835 et
502 795 701 849 majorem
734 804 896 851 partem
928 796 981 837 M.
1009 796 1175 837 Aurelii
1204 795 1325 851 regni
1357 793 1566 848 impleve-

254 870 329 920 rit,
374 884 452 911 nec
496 872 714 927 deperdita
744 874 887 913 Dionis
920 872 1096 913 historia
1133 872 1302 927 singula
1338 870 1427 924 ejus
1459 878 1565 911 teni-

253 961 356 1001 pora
381 962 404 987 a
437 963 652 1005 quoquam
696 957 895 992 accurate
929 949 1069 991 adhuc
1099 949 1310 1003 descripta
1339 949 1441 998 sint,
1484 962 1568 988 non

253 1025 353 1066 licet
383 1028 496 1068 nude
523 1043 681 1082 ponere
714 1029 873 1086 (Struv.
901 1041 1013 1083 spec,
1046 1028 1112 1078 ΙΙ,
1144 1042 1186 1082 p.
1224 1025 1284 1083 4),
1317 1027 1434 1068 illam
1457 1026 1567 1066 cala-

254 1102 440 1145 mitatem
486 1105 680 1146 extremis
724 1105 853 1147 Marci
900 1105 1050 1146 diebus
1095 1104 1313 1146 accidisse.
1361 1104 1513 1146 Contra
1544 1118 1566 1143 e

252 1182 344 1222 loeo
372 1182 597 1236 Capitolini
630 1183 771 1238 potius
799 1183 1024 1237 suspiceris
1056 1198 1102 1224 ea
1120 1216 1129 1233 ,
1157 1197 1266 1237 quae
1292 1182 1344 1224 de
1372 1182 1571 1238 Aquileia

252 1275 275 1300 a
308 1261 494 1302 Luciano
523 1262 788 1313 referuntur,
818 1261 939 1302 initio
971 1261 1075 1302 belli
1110 1261 1334 1312 accidisse3
1371 1261 1570 1315 Capitoli-

253 1351 331 1378 nus
370 1338 480 1377 enim
523 1338 597 1378 ubi
623 1368 636 1387 ,
667 1339 710 1378 in
741 1338 792 1379 Μ.
832 1338 988 1381 Anton.
1035 1352 1071 1379 c.
1108 1340 1189 1389 14,
1223 1339 1310 1394 agit
1335 1338 1387 1380 de
1421 1339 1566 1393 primis

256 1415 358 1456 belli
399 1415 655 1475 Marcoman.
689 1415 839 1471 rebus,
874 1416 1111 1457 memoratis
1144 1416 1418 1457 harbarorum
1447 1416 1572 1457 moti·

258 1494 360 1544 bus,
396 1495 520 1535 «Nec
558 1509 739 1549 parum»
780 1495 921 1550 inquit
957 1495 1151 1549 «profuit
1185 1495 1262 1536 ista
1299 1494 1466 1552 (nempe
1490 1494 1569 1533 im-

260 1571 519 1627 peratorum)
559 1573 789 1627 profectio,
836 1586 969 1628 quum
1008 1572 1248 1629 Aquileiam
1276 1587 1410 1629 usque
1444 1573 1577 1612 venis-

253 1658 398 1692 sent.»
427 1651 510 1703 Qui
538 1650 655 1691 loeus
675 1684 685 1702 ‚
716 1651 790 1691 etsi
819 1650 993 1691 verbum
1017 1651 1237 1691 venissent
1256 1650 1300 1690 in
1325 1665 1395 1700 eo,
1421 1649 1574 1691 collato

261 1728 438 1781 Capitol.
469 1729 513 1769 in
539 1729 677 1780 Vero,
711 1744 746 1770 c.
777 1731 829 1781 9,
857 1744 941 1770 non
974 1729 1026 1770 de
1052 1728 1241 1769 hostibus
1271 1728 1342 1769 sed
1370 1728 1421 1769 de
1437 1728 1576 1769 Marco

257 1813 298 1846 et
331 1806 442 1848 Vero
470 1806 798 1862 intelligendum
830 1814 913 1857 est,
941 1806 1042 1848 (vid.
1060 1807 1234 1849 casaub.
1259 1806 1311 1848 ad
1333 1805 1405 1861 l..)
1430 1814 1571 1847 tamen

258 1883 451 1939 designat
479 1884 694 1938 peculiare
725 1884 938 1941 quoddam
966 1884 1190 1939 Aquileiae
1221 1885 1464 1939 perieulum
1498 1884 1577 1923 im-

260 1962 469 2016 pendisse.
504 1963 653 2017 Itaque
678 1970 901 2017 propterea
934 1970 1022 2003 tum
1051 1963 1093 2002 in
1112 1962 1258 2016 primis
1282 1976 1415 2017 quum
1442 1960 1577 2017 Aqui-

259 2040 384 2081 leiam
426 2048 649 2095 venerant,
689 2041 991 2095 imperatorum
1027 2040 1234 2094 profectio
1271 2039 1478 2094 profuisse
1509 2039 1579 2078 vi—

262 2117 436 2167 deatur,
482 2117 594 2173 quod
642 2119 801 2173 alioqui
846 2119 1038 2158 futurum
1083 2118 1237 2167 fuerit,
1287 2117 1402 2172 quod
1452 2115 1579 2156 habet

261 2194 490 2244 Lucianus‚
534 2202 578 2235 ut
615 2194 718 2236 haec
751 2195 851 2236 urbs
886 2210 909 2237 a
939 2195 1130 2237 barbaris
1165 2194 1518 2248 interciperetur3
1554 2208 1577 2234 a

260 2273 444 2314 Luciano
475 2281 615 2314 autem
643 2274 778 2314 solum
810 2274 995 2315 Marcum
1033 2274 1279 2323 memorari,
1310 2289 1393 2315 non
1424 2276 1579 2317 mirum

261 2352 335 2401 sit,
370 2350 714 2407 quandoquidem
737 2350 980 2392 Parthicum
1010 2351 1170 2392 bellum
1201 2352 1368 2392 nomine
1398 2360 1512 2394 certe
1531 2368 1578 2394 ac

262 2444 337 2484 per
367 2430 601 2483 praefectos
633 2430 676 2471 L.
710 2429 845 2473 Verus
875 2430 1029 2486 gessit,
1060 2430 1356 2471 Marcomanici
1396 2446 1492 2472 vero
1525 2432 1578 2473 M.

269 2507 458 2548 Aurelius
492 2507 580 2561 jam
634 2507 773 2548 statim
831 2508 883 2549 ab
932 2508 1079 2558 initio,
1135 2509 1209 2549 etsi
1262 2509 1458 2550 comitem
1492 2524 1580 2549 esso

264 2585 420 2626 Verum
450 2586 607 2635 voluit,
655 2592 792 2626 tamen
835 2593 965 2627 totum
999 2601 1102 2627 onus
1134 2587 1175 2628 in
1213 2601 1255 2627 se
1288 2587 1464 2641 recepit.

322 2662 492 2704 Luciani
524 2663 893 2719 ‹piadragesimum
925 2679 1079 2706 annum
1112 2680 1193 2706 non
1227 2673 1318 2718 post
1351 2680 1387 2706 a.
1422 2665 1581 2714 CLXV,
