2013 3496
868 310 920 347 25

249 452 336 479 eam
368 437 606 491 opinionem
643 437 863 477 admittant
899 436 960 476 vel
990 435 1113 475 etiam
1138 431 1444 474 eonnnendent.
1487 430 1563 472 So.

252 516 460 556 loccis-tae
479 531 508 556 5.
535 513 936 568 Pseudosopleislae
953 513 1132 565 scriptor
1160 526 1242 551 non
1274 509 1395 550 modo
1415 508 1563 548 viserat

248 594 488 648 Aegyptum
509 625 518 643 ,
566 591 636 632 sed
669 591 763 632 satis
802 591 876 631 diu
920 590 1075 631 ibidem
1105 590 1275 630 vixerat.
1308 588 1473 636 Refert,
1522 602 1562 625 sc

699 668 709 689 ¹
749 683 845 709 cum
896 668 1078 723 quodam
1112 669 1282 708 Socrate
1323 681 1345 707 a
1386 666 1559 719 Mopso3

247 670 337 710 illic
373 671 657 722 ovyyae'ueostou

249 747 363 802 quod
394 763 477 788 non
505 747 556 788 de
578 761 835 803 congressu,
887 745 1022 801 qualis
1048 746 1091 786 in
1119 745 1269 785 itinere
1296 744 1391 793 fiat,
1421 742 1492 783 sed
1512 742 1564 782 de

248 825 441 880 longiore
484 824 790 865 consuetudine
834 823 1199 878 interpretamlum
1224 837 1311 862 esse
1329 854 1338 872 ,
1386 819 1566 862 ostendit

1085 900 1123 950 ²,
1167 908 1338 955 propter
1366 914 1470 954 quos
1500 898 1566 939 di—

249 903 587 943 commemoratio
623 910 683 943 tot
714 903 1055 943 soloecismorum

249 980 374 1021 versis
404 981 663 1034 temporibus
687 980 758 1020 ille
783 981 973 1019 Socrates
998 986 1219 1033 peccantes
1248 977 1445 1017 illusisset
1464 984 1492 1017 ³.

309 1059 355 1097 ln
379 1057 685 1100 declamatione
706 1055 980 1111 Apoplzrade
998 1071 1028 1098 5.
1048 1054 1393 1109 Pseudoloqisca
1407 1053 1567 1092 Timar„

249 1134 351 1175 chus
379 1134 551 1189 quidam
589 1142 782 1185 vexatur,
819 1135 892 1190 qui
926 1141 1114 1174 nostrum
1147 1133 1395 1186 scriptorem
1425 1130 1565 1170 irrise-

249 1221 336 1264 rat,
367 1227 548 1268 eumque
574 1213 820 1254 barbarismi
847 1212 1180 1261 insimulaverat,
1212 1211 1256 1250 in
1282 1224 1362 1249 usu
1389 1208 1568 1249 nominis

247 1293 441 1346 ἀποφράς
466 1293 494 1333 ¹¹.
538 1291 773 1347 Singularis
811 1290 1041 1340 acerbitas,
1089 1303 1173 1344 qua
1215 1303 1263 1328 ea
1296 1286 1452 1340 injuria
1485 1286 1566 1326 vin-

248 1369 438 1419 dicatur,
460 1369 523 1409 vel
541 1369 697 1423 optime
714 1369 947 1424 explicatur
968 1369 1012 1408 in
1030 1366 1204 1408 homine
1221 1399 1232 1420 ,
1256 1366 1431 1421 quijam
1452 1364 1569 1419 prius

249 1448 466 1488 literarum
505 1446 631 1487 laude
669 1454 840 1487 ornatus
885 1460 1007 1486 senex
1048 1446 1098 1486 ad
1138 1444 1390 1485 rhetoricam
1430 1443 1568 1484 redire

250 1533 419 1567 coactus
451 1526 603 1566 fuerat.

294 1685 306 1708 1
329 1687 446 1718 Soloec.
467 1700 491 1718 5.
505 1688 648 1718 Pseudos.
667 1700 691 1717 e.
711 1687 741 1718 5.

298 1756 314 1772 2
340 1754 419 1785 Ibid.
439 1766 464 1785 c.
482 1754 582 1787 5-7,

300 1822 313 1842 3
338 1820 475 1859 Guyetus
487 1826 516 1849 et
527 1820 567 1849 La
585 1820 677 1851 Croze
695 1820 888 1849 soloecistam
900 1818 1266 1858 Lucianoabjudicarunt.
1292 1816 1428 1846 Reitzius
1442 1814 1569 1844 etSola—

256 1885 312 1904 nus
329 1875 403 1915 (vid.
422 1875 503 1906 hunc
521 1875 558 1904 ad
577 1887 603 1905 e.
624 1875 671 1916 5.)
690 1881 719 1904 et
738 1875 877 1903 Rankius
889 1897 897 1913 ,
919 1874 1029 1903 Pollux
1050 1879 1079 1902 et
1100 1873 1250 1903 Lucianus
1262 1895 1270 1910 ,
1283 1872 1448 1901 Comment.
1467 1868 1570 1906 1831,

253 1942 280 1968 p.
301 1929 354 1961 23.
383 1931 610 1961 addubitarunt.
634 1932 672 1961 Et
690 1942 763 1960 sane
780 1931 860 1970 quod
879 1931 1045 1968 compluria
1064 1930 1101 1958 ab
1122 1930 1188 1968 ejus
1208 1933 1328 1957 auctore
1345 1925 1571 1965 reprehendun—

252 1993 314 2022 tur,
337 1998 413 2026 quae
427 1988 488 2026 ipse
499 1988 649 2017 Lucianus
664 1993 694 2017 et
711 1987 816 2026 optimi
835 1987 942 2016 Graeci
959 1992 1096 2015 auctores
1112 1984 1221 2022 passim
1239 1987 1460 2021 usurpaverunt
1473 1981 1571 2020 (cons.

254 2054 335 2072 omn.
355 2044 479 2074 Graevii
489 2044 603 2074 Comm.
617 2042 690 2073 adh.
703 2043 789 2083 libr.)
799 2053 859 2072 non
874 2040 1311 2081 poteratexplicaristatnendo
1322 2036 1570 2068 Luciunun1i11iis

252 2109 301 2136 per
326 2099 492 2130 irrisionem
519 2099 718 2138 sophistarum
743 2100 779 2129 dc
810 2099 958 2129 industria
984 2096 1287 2140 ὑπεραῑτικίζειν.
1310 2094 1483 2134 quiajuxta
1494 2092 1570 2128 ista,

253 2155 343 2185 etiam
361 2157 455 2186 crassi
470 2156 639 2186 soloecismi
656 2161 802 2185 notantur
818 2155 932 2194 (qualis
951 2165 998 2183 ex.
1017 2165 1042 2184 e.
1063 2153 1189 2190 estillc,
1210 2163 1235 2181 c.
1255 2150 1274 2181 8
1293 2157 1322 2179 ct
1344 2150 1381 2186 9,
1399 2148 1490 2178 κατὰ
1510 2149 1569 2180 σᾶς

254 2211 299 2242 m)
309 2210 387 2247 ιὀὐς
404 2210 631 2254 διήλθομεν),
653 2212 763 2250 quibus
782 2210 930 2250 ejusmodi
949 2208 1095 2238 irrisionis
1105 2206 1262 2236 efficacitas
1274 2215 1391 2243 prorsus
1403 2203 1570 2232 tolleretur.

256 2267 373 2307 Dialogi
393 2278 479 2306 porro
498 2269 614 2308 forma,
634 2268 690 2298 etsi
708 2267 840 2306 aliquam
870 2265 1091 2296 excusationem
1111 2263 1219 2300 habet,
1240 2261 1278 2290 ob
1297 2260 1488 2288 artificiosum
1503 2257 1570 2287 stri-

257 2323 417 2363 biliginum
435 2323 604 2364 intextum,
626 2324 750 2353 omnino
775 2323 935 2352 invenusta
958 2327 1002 2351 est
1022 2320 1174 2361 (videatur
1198 2316 1368 2346 Socraticae
1388 2313 1572 2344 inductionis

255 2379 403 2409 affectatio
422 2379 453 2408 in
471 2379 548 2408 falso
565 2379 740 2419 syllogismo
751 2379 787 2407 ad
806 2378 926 2407 initium
938 2401 946 2416 ,
960 2388 986 2406 c.
1004 2378 1013 2407 1
1029 2389 1035 2414 3
1061 2373 1205 2403 sermonis
1216 2370 1467 2410 redintegratioct
1479 2369 1571 2397 abru—

255 2440 322 2472 ptus
341 2433 430 2473 finis,
452 2446 478 2464 c..
502 2433 522 2464 8
541 2441 568 2464 et
596 2434 659 2476 12.)
680 2441 708 2464 ct
728 2435 817 2474 longo
834 2435 901 2472 plus
919 2432 1105 2471 arrogantiae
1127 2430 1205 2471 (vid.
1227 2441 1252 2458 c.
1276 2427 1327 2458 12.
1342 2426 1407 2467 ἐγὼ
1427 2424 1466 2456 δὲ
1488 2418 1569 2456 οἶδα

256 2501 285 2518 κ.
306 2501 337 2519 τ.
357 2489 402 2531 ε.)
423 2500 510 2529 quam
533 2490 606 2519 salis
627 2491 777 2528 ostendit,
801 2489 849 2519 eui
870 2495 1022 2527 praetcrea
1047 2498 1113 2526 erga
1134 2487 1205 2516 mite
1224 2484 1372 2524 ejusmodi
1388 2481 1568 2512 etstolidum

256 2543 406 2584 ingenium
427 2547 516 2584 quale
537 2545 712 2575 soloecismo.
729 2546 852 2586 lingitur
865 2569 871 2583 ‚
885 2545 932 2574 vix
952 2546 1036 2574 locus
1053 2545 1161 2573 fuerat.
1180 2543 1285 2580 Itaque
1307 2540 1331 2569 si
1352 2538 1477 2568 Luciani
1496 2548 1570 2576 opus

258 2601 295 2629 sit
308 2625 315 2639 ,
334 2602 422 2632 ctiam
440 2614 474 2631 ex
497 2602 543 2631 liis
566 2614 617 2640 pro
637 2602 740 2632 senilis
753 2603 851 2641 potius
863 2625 871 2641 ,
883 2613 970 2641 quam
985 2611 1036 2639 pro
1048 2600 1174 2639 vigentis
1185 2598 1291 2627 aetatis
1302 2598 1400 2626 fructu
1410 2595 1569 2625 habeatur.

302 2660 313 2681 '¹
340 2658 511 2698 Aprophras
530 2670 554 2689 5.
578 2659 716 2690 Ρ5ῡιιάιί1.
744 2671 768 2688 ‹·.
795 2659 851 2689 let
870 2659 919 2688 ll.
935 2678 975 2684 —-
991 2657 1096 2695 Ephesi
1116 2656 1243 2692 scriptus
1264 2659 1305 2682 est
1320 2653 1372 2682 lib.
1384 2652 1445 2682 vid.
1459 2664 1484 2682 c.
1508 2651 1566 2681 10.

254 2727 313 2756 qno
344 2717 408 2745 loco
442 2717 602 2755 significavi
635 2716 751 2746 ridetur
774 2715 934 2744 [mianum
962 2720 1029 2743 «11¹0
1052 2716 1077 2743 iel
1112 2720 1244 2749 ἓνιιψιῑε,
1267 2717 1322 2738 tam
1351 2709 1381 2738 in
1404 2708 1524 2737 (lricnto
1543 2715 1568 2736 vt

258 2774 413 2813 Aegypto.
436 2785 521 2813 quam
542 2774 568 2803 in
594 2774 680 2803 ltalia
704 2779 727 2800 r!
753 2773 876 2802 {imm-*m
900 2773 1001 2802 fumo.
