2013 3496
1090 180 1142 219 46

462 309 676 351 materiam
711 307 1152 348 commemorationem
1185 304 1488 359 praesidiorum
1518 307 1621 360 reip.
1653 306 1776 347 Athe-

459 387 613 428 niensis
634 400 683 425 ac
706 384 952 425 meritorum
983 398 1150 432 eorum,
1184 396 1293 438 quae
1320 382 1491 437 quidem
1513 383 1601 436 jam
1631 384 1747 424 locus
1765 418 1775 434 ,

459 464 509 504 ad
545 476 670 518 quem
706 468 845 502 orator
879 460 1036 502 relictis
1071 460 1245 501 Athenis
1274 460 1550 515 confugerat,
1583 461 1678 502 satis
1707 476 1777 502 su-

458 555 618 596 perque
671 539 855 581 Archiae
900 538 1148 580 ostendebat
1191 552 1318 593 quam
1362 552 1445 578 non
1483 537 1635 591 juvare
1679 554 1775 580 eum

456 619 690 673 potuissent
720 617 745 659 ¹.

514 699 643 738 Porro
679 696 768 750 jam
807 710 830 735 a
872 697 1096 737 Grauertio
1143 694 1481 735 animadversum
1530 703 1612 745 est,
1654 695 1776 735 nimis

456 775 781 830 improbabilem
814 788 900 814 6556
927 773 1141 814 fictionem
1175 772 1218 812 in
1251 772 1466 826 colloquio
1497 772 1708 826 Antipatri
1737 780 1777 813 et

455 853 661 902 Archiae,
697 866 829 908 quum
856 859 970 892 tanta
987 849 1274 892 Demosthenis
1305 850 1548 906 admiratio,
1576 859 1776 906 quantam

456 932 678 985 Antipater
703 930 918 970 emissario
945 944 1019 970 suo
1043 930 1203 984 aperit,
1227 930 1280 970 ab
1307 928 1434 982 hujus
1451 929 1624 985 ingenio
1639 929 1776 970 aliena

456 992 706 1066 sitsneque
749 1009 898 1050 cadere
935 1009 1105 1049 omnino
1154 1009 1197 1048 in
1230 1023 1326 1050 eum
1360 1009 1573 1062 potuerit,
1621 1017 1667 1050 ut
1696 1009 1776 1050 De-

458 1088 717 1130 mosthenem
764 1086 817 1127 de
864 1087 989 1126 rebus
1030 1087 1203 1128 Graecis
1245 1086 1533 1127 consiliarium
1574 1085 1777 1127 adhibere

457 1166 666 1222 cogitaret
693 1163 729 1216 2;
766 1172 855 1205 tum
888 1164 1071 1219 turpiter
1104 1164 1146 1204 in
1189 1178 1236 1204 eo
1271 1164 1465 1218 peccari,
1501 1163 1615 1219 quod
1653 1164 1778 1205 Anti—

455 1252 599 1299 pater,
635 1256 768 1299 quum
809 1243 1016 1284 resciisset
1056 1248 1273 1282 mortuum
1308 1257 1395 1283 esse
1427 1241 1774 1293 Demosthenem,

455 1336 583 1377 quem
611 1323 755 1363 vivum
781 1320 936 1362 adduci
957 1319 1162 1374 jusserat,
1194 1334 1280 1360 non
1311 1321 1513 1361 continuo
1546 1335 1594 1361 ex
1621 1320 1775 1362 Archia

453 1407 784 1454 percunctatur,
816 1396 1031 1455 quomodo
1056 1396 1138 1438 hoc
1164 1398 1410 1449 accidisset,
1435 1398 1505 1439 sed
1531 1400 1773 1456 longissime

456 1478 636 1519 subinde
664 1477 921 1532 exspatiatur
941 1475 1153 1516 laudando
1184 1476 1472 1517 Demosthenis
1505 1479 1679 1520 virtutes
1697 1511 1706 1529 ,
1737 1485 1777 1518 et

453 1557 497 1597 in
531 1557 614 1597 fine.
639 1555 809 1597 demum
843 1556 1010 1610 quaerit
1029 1555 1144 1597 ἀλλὰ
1174 1559 1263 1603 πῶς
1290 1556 1577 1609 ἁπέθανεν3ς

453 1679 482 1707 in
505 1678 640 1716 propriae
656 1679 787 1708 fictionis
807 1680 994 1709 commodum
1015 1685 1127 1719 partem
1146 1681 1279 1720 ejusdem
1299 1682 1362 1720 ipse
1381 1683 1497 1712 sciens
1518 1683 1689 1724 adhiberet3
1712 1691 1778 1714 tan-

452 1736 517 1764 dem
538 1736 581 1773 (c.
602 1734 676 1773 47),
697 1734 726 1762 in
747 1735 896 1774 speciem
915 1735 1048 1775 ejusdem
1066 1736 1174 1766 erroris
1186 1760 1194 1775 ,
1213 1737 1277 1766 sine
1295 1738 1361 1767 ulla
1380 1739 1577 1778 necessitate,
1596 1739 1772 1770 incurreret.

454 1791 558 1829 Stique
578 1795 643 1819 tuto
660 1796 789 1820 statuere
810 1791 881 1820 licet
901 1791 1102 1832 Thersagorae
1123 1794 1359 1824 alucinationem
1377 1795 1471 1834 ipsius
1490 1797 1621 1826 auctoris
1637 1797 1741 1826 fuisse.

498 1854 507 1875 1
535 1855 591 1884 Per
612 1860 705 1883 totum
723 1866 748 1884 6.
771 1854 832 1891 45,
865 1856 914 1885 cui
930 1868 1027 1895 neque
1047 1857 1109 1895 ipse
1132 1858 1228 1888 Wiel.
1252 1858 1402 1898 ignoscere
1421 1861 1536 1900 potuit,
1554 1861 1616 1892 vid·
1635 1861 1688 1890 Th.
1710 1861 1775 1899 VI,

454 1910 479 1939 l.
504 1910 576 1941 172.
593 1929 626 1934 ——
645 1911 788 1950 Egregius
811 1917 909 1941 autem
929 1913 1033 1952 loeus,
1053 1913 1105 1952 qui
1129 1914 1262 1952 proxime
1286 1917 1454 1955 antecedit,
1469 1917 1611 1956 debetur,
1630 1917 1663 1946 ni
1680 1918 1773 1948 fallor

452 1968 619 1997 amitationi
646 1968 707 1996 Ioci
734 1968 922 1998 Plutarchei:
952 1970 1030 1999 cons.
1063 1970 1139 2002 Enc.
1169 1970 1255 2001 Dem.
1283 1982 1308 2000 c.
1336 1972 1396 2010 114,
1426 1971 1623 2008 φυλακτέον
1640 1974 1688 2014 μὴ
1712 1974 1778 2015 τὴν

451 2022 925 2066 ψυχὴν-δέδωροδοκηκὲναι
944 2021 1030 2066 μηδ’
1050 2025 1094 2065 ἢν
1109 2026 1264 2064 ἐμαυτὸν
1282 2025 1391 2061 ἔταξα
1413 2027 1512 2062 τάξιν
1532 2027 1779 2067 λιπὼν-μετα-

450 2077 673 2117 βάλλεσθαι,
708 2089 773 2107 cum
798 2078 880 2108 Plut.
910 2079 995 2111 Dem.
1018 2092 1045 2110 c.
1078 2080 1140 2115 13,
1171 2081 1221 2116 ἕῖς
1244 2080 1410 2121 ἦτ’-τάξιν
1447 2082 1778 2126 αὑτὸν-κατέστησε

453 2133 781 2171 -διαφυλάξας-καὶ
808 2134 870 2164 τὸν
888 2136 970 2173 βίον
998 2136 1034 2166 ἐν
1050 2135 1099 2178 τῷ
1119 2137 1165 2177 μὴ
1187 2135 1466 2175 μεταβαλέσθαι
1483 2139 1682 2182 προέμενος.
1709 2141 1779 2170 Per-

455 2191 524 2220 inde
562 2201 643 2228 supr.
670 2190 854 2220 WVielandus
878 2191 1007 2221 conferri
1029 2192 1117 2231 jubet
1143 2192 1233 2222 verba
1261 2192 1412 2231 Philippi,
1437 2194 1510 2223 Enc.
1540 2194 1624 2225 Dem.
1658 2207 1684 2226 c.
1714 2195 1776 2234 31,

450 2241 527 2275 ἀλλ’
567 2245 626 2275 ἐπὶ
654 2248 733 2283 μιᾶς
761 2258 800 2286 γε
838 2245 974 2288 ταύτης
1003 2246 1135 2290 ἡμέρας
1175 2248 1238 2277 τὸν
1272 2248 1355 2290 περὶ
1383 2250 1446 2288 τῆς
1478 2247 1588 2292 ἀρχῆς
1618 2250 1678 2280 καὶ
1714 2254 1778 2292 τῆς

448 2305 562 2345 ψυχῆς
591 2302 755 2333 ›adasai-amr
780 2302 950 2344 ἐπέστησέ
979 2315 1054 2340 μοι,
1091 2314 1157 2332 cum
1184 2304 1267 2333 Plut.
1298 2304 1382 2334 Dem.
1405 2316 1431 2334 c.
1458 2303 1520 2343 20,
1538 2305 1574 2335 ἐν
1599 2305 1697 2349 μέρει
1717 2319 1776 2344 μμ-

449 2359 516 2402 κρῷ
551 2360 629 2396 μιᾶς
657 2359 789 2401 ἡμέρας
814 2359 877 2389 τὸν
901 2356 991 2401 ὑπὲρ
1017 2361 1079 2400 τῆς
1097 2359 1287 2400 ἡγεμονίας
1306 2360 1367 2391 καὶ
1385 2360 1448 2391 τοῦ
1479 2359 1637 2399 σώματος
1662 2360 1774 2404 ἀναῤ-

450 2413 551 2455 §imao
571 2413 733 2444 κίνδυνον
757 2413 1002 2454 ἀναγκασθεὶς
1022 2410 1084 2446 ὑπ’
1109 2415 1238 2447 αὐτοῦ.

492 2471 506 2489 2
529 2481 555 2500 6.
575 2469 635 2508 40,
661 2469 714 2499 42.
746 2471 894 2509 Grauert,
915 2471 936 2500 l.
954 2471 976 2501 l.

496 2526 509 2545 ⁵
536 2537 561 2555 c.
580 2524 632 2556 42.
660 2525 739 2566 Quid
765 2527 845 2565 quod
872 2527 925 2556 ubi
953 2528 1092 2567 tandem,
1120 2539 1146 2558 c.
1175 2527 1235 2567 43,
1256 2528 1383 2559 Archias
1411 2540 1533 2559 exorsus
1553 2535 1597 2559 est
1622 2530 1772 2568 explicare

448 2581 532 2619 quali
558 2583 765 2623 παρασκευῇ
793 2582 886 2625 (cous.
916 2594 942 2613 e.
973 2582 1017 2613 48
1044 2585 1108 2624 τῆς
1134 2578 1258 2624 δ’ἒμῆς
1283 2585 1538 2627 παρασκευῆς),
1559 2584 1773 2614 Demosthenes

448 2636 486 2664 ad
505 2642 628 2666 mortem
651 2648 723 2666 usus
746 2638 802 2677 sit,
830 2638 937 2668 iterum
958 2640 995 2668 ab
1019 2630 1181 2679 Antipatro
1206 2641 1403 2678 praevertitur
1419 2665 1427 2680 ,
1446 2641 1497 2679 qui
1525 2642 1640 2671 demum
1657 2653 1684 2674 c.
1705 2640 1763 2678 49,

449 2702 508 2720 rem
531 2691 620 2729 ipsam
648 2694 685 2722 ab
709 2704 743 2722 eo
765 2695 916 2733 comperit.
